3288 5344
730 461 773 532 to

196 591 380 659 uabdiorern
392 592 522 656 inirent.
536 591 601 658 Sed
612 591 680 660 bec
692 595 774 658 ratio
791 593 913 676 aliquot
927 599 1019 664 anuis
1037 611 1110 684 unte
1131 601 1166 660 P.
1180 601 1299 670 Rutilio

195 693 278 758 Rufo
297 705 333 761 et
350 694 393 752 Μ.
416 693 535 756 Scauro
550 711 617 754 uon
631 691 824 758 innotuerat.
838 720 882 742 —⁴
895 695 953 760 Sin
971 717 1046 762 uero
1060 700 1099 760 ad
1112 701 1300 766 vetustiores

193 790 420 868 adsceddimus,
442 789 586 854 ordinem
602 791 715 852 merito
737 791 824 854 ducit
846 794 898 854 M.
923 791 998 854 Cato
1017 793 1191 872 Censorino,
1212 798 1300 884 cujus

194 889 335 954 celebres
341 887 447 950 Servii
456 886 577 962 Galbae,
591 888 629 948 P.
644 887 730 952 Furii
740 903 773 952 et
785 890 920 954 aliorum
932 891 1144 976 accusationes
1157 893 1191 956 iu
1200 897 1299 960 omni·

71 1007 78 1022 .
195 1003 245 1046 um
268 1005 325 1050 ore
346 982 482 1050 fuerunt.
502 984 650 1066 Sequitur
671 981 711 1044 P.
731 986 837 1066 Scipio
849 988 1040 1072 Africanus,
1057 987 1109 1070 qui
1130 992 1300 1058 consularis

193 1095 226 1144 ot
240 1083 399 1146 censorius
416 1083 452 1144 L.
468 1080 593 1146 Cottam
607 1100 695 1142 reum
716 1080 801 1144 11111.
818 1083 992 1146 videantur
1010 1082 1078 1148 Cic.
1092 1081 1167 1148 Diu.
1183 1086 1218 1148 in
1231 1088 1298 1152 ce-

193 1182 245 1246 eit.
262 1203 294 1245 c.
316 1184 372 1262 11,
395 1185 458 1244 Ρ1ο
490 1181 612 1244 Muren.
640 1200 670 1241 c.
700 1181 752 1258 28,
771 1184 862 1248 Brut.
880 1204 909 1246 c.
924 1184 977 1260 21,
994 1184 1065 1248 Val.
1089 1185 1173 1246 Max.
1204 1188 1296 1266 vlll,

196 1285 207 1344 1
226 1331 236 1360 ,
264 1286 316 1346 11.
346 1287 480 1348 Rursmn
509 1279 549 1344 P.
581 1283 726 1346 Lamum
757 1285 904 1368 princeps
931 1297 1057 1348 senatus
1087 1285 1131 1346 Μ.
1162 1288 1300 1369 Aquillio

192 1387 434 1469 repetundarum
445 1403 500 1448 reo
514 1384 635 1464 agendo
644 1402 707 1446 suae
719 1383 798 1448 nihil
809 1385 989 1466 auctoritati
999 1385 1109 1450 noceri
1119 1406 1300 1470 pereuntum

191 1486 310 1552 babuit.
331 1489 440 1568 Neque
459 1485 628 1548 audiendus
642 1484 753 1548 Cicero
770 1506 903 1570 eumque
927 1487 1033 1570 inepte
1054 1506 1187 1568 aequem
1205 1491 1296 1554 vde·

190 1584 255 1646 rius
264 1585 437 1668 potentiam
456 1582 647 1646 coamatoris
662 1583 725 1646 reis
742 1583 857 1646 auxilio
871 1585 962 1648 fuisse
975 1597 1154 1648 narrantes.
1170 1589 1212 1648 111
1229 1589 1294 1654 vim

187 1685 343 1768 judicibus
352 1685 478 1760 11111111,
490 1703 599 1748 uersus
608 1681 703 1746 finem
712 1683 802 1767 hujus
811 1684 912 1750 aetatis
927 1686 1009 1748 lnaud
1023 1703 1097 1748 raro
1107 1687 1292 1768 reperimus.

190 1784 273 1866 Quid
283 1784 379 1859 enim,
395 1782 554 1846 1111111111
568 1779 698 1854 illicitae,
712 1780 852 1857 fuerunt,
865 1801 932 1864 quae
943 1781 1013 1846 Ser.
1032 1780 1165 1846 Galbam
1175 1783 1294 1852 Catone

188 1896 356 1957 1111111111
368 1883 566 1965 eripuerunt.
581 1883 646 1946 Nec
661 1881 711 1944 M.
728 1883 884 1943 Antonius
903 1881 959 1966 (at
972 1895 1105 1964 quantus
1115 1883 1166 1946 uir
1179 1884 1207 1970 t)
1230 1905 1292 1950 arn·

187 1980 309 2046 bitiosae
323 1978 535 2045 conuentionis
551 1977 642 2060 culpa
656 1977 786 2040 liberari
797 1991 908 2061 potest,
921 1981 974 2062 qni
987 1981 1028 2064 Q.
1047 1981 1208 2053 Marcium,
1230 1983 1290 2048 Cn.

189 2080 349 2154 Manlium,
371 2081 415 2142 M.
431 2077 601 2161 Aquillium
619 2088 715 2140 cerne
729 2078 923 2142 damnationi
944 2078 1145 2158 subtraxerit,
1170 2081 1293 2148 Caium·

187 2200 247 2261 que
267 2179 472 2255 Norbanum,
497 2193 613 2240 utnon
639 2177 770 2253 malum,
794 2179 840 2242 ita
864 2179 1034 2244 violentum
1062 2195 1095 2244 ct
1115 2181 1293 2248 seditiosum

187 2279 287 2342 civem
305 2277 417 2342 11111111
424 2278 525 2358 legem
539 2275 775 2360 interpretando
793 2277 967 2340 servaverit
983 2275 1073 2362 (Cic.
1087 2279 1136 2340 De
1150 2294 1230 2344 orat.
1248 2283 1290 2360 11,

186 2377 239 2453 27,
268 2376 322 2450 47,
351 2375 551 2462 4811111111
569 2386 604 2436 nt
623 2395 717 2438 unum
741 2375 956 2449 defenderent,
978 2377 1141 2442 Ciceronis
1167 2380 1291 2446 demum

186 2487 276 2538 aetate
300 2475 443 2550 invainit,
469 2473 523 2556 qui
539 2491 606 2536 nuos
630 2473 761 2536 uitiosus
781 2473 811 2536 ci
833 2474 928 2548 visus,
955 2475 1014 2538 etsi
1032 2477 1195 2556 graviores
1214 2479 1289 2556 sint,

186 2595 278 2658 quam
291 2572 650 2666 quascommemorauit,
667 2591 778 2638 cause.
795 2571 873 2636 Vide
890 2575 979 2636 Brut.
996 2593 1025 2638 c.
1048 2577 1099 2640 ot.

231 2673 281 2736 12.
304 2669 611 2744 Dodiceudiforma‚
629 2689 695 2752 quae
718 2672 780 2734 hac
794 2683 886 2734 aetate
908 2671 1055 2750 obtinuit,
1071 2672 1152 2738 bene
1166 2675 1290 2760 Quinti·

183 2771 283 2838 liantus
296 2775 371 2850 XII,
390 2772 441 2848 10,
465 2769 515 2846 10,
527 2771 595 2832 brec
609 2770 783 2849 generatim
798 2771 898 2852 ponit,
920 2773 997 2833 artis
1007 2774 1164 2834 statuerim
1177 2789 1209 2836 11
1219 2796 1289 2838 ora·

183 2877 272 2938 toriae
285 2873 481 2938 incrementa
494 2866 1018 2952 comparaneredfuemquoedam
1029 2873 1288 2950 generedicendi,

184 2977 356 3037 conditione
380 2989 549 3050 temporum
575 2967 758 3041 horridiora,
782 2967 895 3051 alioqui
917 2988 1065 3050 magnam
1077 2966 1154 3050 jam
1177 2974 1294 3052 ingenii

184 3076 251 3132 vim
260 3093 327 3150 pne
340 3071 534 3152 referentia.
554 3065 637 3128 Hine
651 3070 711 3126 sint
723 3067 829 3142 Loelii,
850 3066 1015 3148 Africani,
1045 3066 1175 3150 Catones
1193 3076 1289 3132 etiam

185 3167 387 3258 Gracche‘qtoe,
403 3189 480 3256 quos
493 3183 524 3228 tu
535 3165 606 3228 lieet
616 3167 804 3248 Podrgnotas
819 3167 873 3228 vel
891 3161 1031 3230 Callonas
1052 3170 1200 3248 appeHer.
1216 3173 1288 3234 Me·

183 3269 270 3330 dmm
283 3268 372 3330 Hlaa
382 3265 530 3349 sonutam
551 3263 685 3348 (Phidiae
703 3276 735 3326 et
753 3266 918 3348 equalium
931 3265 942 3350 )
956 3279 1076 3328 teneant
1084 3268 1126 3332 L.
1139 3267 1285 3350 Crassus,

182 3366 227 3446 Q.
243 3360 440 3430 Horremus.
453 3363 529 3428 Haeo
542 3361 756 3426 maurusam
772 3362 870 3424 latine
883 3361 1017 3438 dicendi,
1034 3377 1068 3426 ut
1080 3365 1284 3446 innocentiae,

181 3461 360 3528 huicaetati
381 3461 541 3546 propriam
569 3461 681 3537 fuisse,
706 3460 789 3522 haud
814 3461 918 3544 inepte
941 3461 1052 3526 Cicero
1073 3461 1228 3545 judicarit
1251 3467 1286 3532 iu

182 3559 279 3624 Bruto
293 3581 323 3638 c.¹
338 3560 402 3640 743
419 3579 478 3624 neo
493 3559 588 3622 distat
599 3557 639 3620 ab
653 3557 888 3633 bacsenteutia,
907 3558 992 3644 cujus
1005 3561 1095 3622 modo
1109 3561 1285 3626 testimonio

181 3658 230 3720 usi
241 3678 353 3734 sumus,
376 3658 490 3720 Fabius
502 3657 582 3731 XII,
604 3655 654 3731 10,
673 3655 724 3738 39,
740 3655 916 3736 Scipionem
936 3669 968 3717 et
981 3657 1108 3720 Laelium
1123 3659 1209 3738 qnasi
1228 3662 1284 3728 At-

181 3760 243 3824 tioa
261 3760 405 3840 loquendi
430 3759 574 3822 castitate
599 3776 668 3820 usos
691 3773 757 3818 csse
770 3757 998 3837 pronuntians,
1019 3759 1101 3840 qnod
1121 3777 1185 3822 non
1207 3762 1286 3824 artis

180 3854 249 3931 init,
267 3857 321 3923 sed
334 3867 467 3930 naturae,
492 3853 628 3916 noudum
642 3850 682 3914 ob
697 3850 819 3914 variam
838 3853 976 3932 gentium
988 3853 1206 3934 conmgionem
1219 3875 1284 3920 ser-

179 3953 280 4018 monis
292 3955 397 4018 latini
409 3953 593 4034 integritate
616 3961 775 4032 corrupta.
801 3952 879 4014 lude
898 3964 985 4016 recte
1008 3951 1119 4018 Cicero
1140 3954 1228 4018 Brut.
1245 3977 1281 4030 c.

183 4051 235 4128 37,
248 4047 348 4116 latinu
364 4049 486 4117 dicendi
502 4049 670 4124 uirtutem,
685 4047 713 4110 si
724 4046 817 4123 absit,
833 4067 978 4128 magnum
996 4049 1123 4126 vidum,
1140 4053 1167 4114 si
1182 4054 1281 4131 adsit,
1321 4124 1324 4130 ¹

180 4151 322 4232 exiguam
335 4152 458 4222 laudem
476 4167 544 4214 ease
562 4147 761 4231 significavit.
779 4151 821 4210 At
843 4149 906 4214 vim
922 4162 954 4212 et
975 4150 1143 4232 ingenuam
1157 4154 1284 4220 11111111

181 4267 244 4312 sne
258 4249 402 4328 brisciam
422 4247 551 4330 ι11111111
573 4259 606 4310 et
620 4259 784 4330 senserunt
805 4258 837 4313 et
856 4263 1082 4336 expresserunt.
1101 4251 1142 4314 Ut
1162 4264 1282 4340 taccam
