3200 5344
645 443 717 517 253

122 582 198 648 siue
209 592 393 649 testamento
403 584 591 668 possederat,
599 585 780 668 sederetque
793 589 958 652 advocatus
968 609 1023 653 reo
1032 589 1154 666 Bestiae,
1163 609 1232 654 cnm

121 683 219 746 funus
233 683 386 766 quoddam
400 683 579 758 duceretur,
596 685 807 750 accusatore.
822 685 994 762 Memmius,
1008 687 1101 762 Vide,
1115 687 1232 774 inquit,

122 784 149 842 S
149 804 256 855 catere,
267 799 402 844 mortuus
413 785 539 862 rapitur,
551 787 581 844 si
585 797 671 864 potes
681 804 750 846 esse
759 805 933 864 possessor.

162 928 192 976 in
204 923 329 990 Bestiam]
342 923 377 992 C,
386 921 504 976 Memmii
517 921 667 976 actionibus
676 921 709 974 ad
718 921 849 994 populum
857 937 1004 980 commotus
1015 937 1124 986 tenatm
1133 924 1235 980 bellum

198 1021 293 1062 oontm
302 1007 462 1080 Jugurtbam
474 1005 620 1079 gerendum
632 1020 730 1084 censet*
741 1026 766 1061 a.
782 1011 816 1064 U.
837 1009 901 1062 dil.
923 1011 991 1063 Tum
1010 1011 1089 1064 initio
1108 1009 1173 1064 anui
1191 1027 1242 1066 sev

200 1093 308 1164 quentis
328 1095 360 1146 L.
379 1089 544 1164 Calpurnius
565 1091 628 1145 Piso
647 1091 750 1156 Bestia,
772 1091 914 1165 adsumpto
934 1093 971 1147 M.
992 1093 1098 1148 AEmilio
1117 1095 1234 1158 Scauro,

200 1175 321 1248 principe
333 1187 451 1240 senatus,
463 1175 561 1247 legato,
575 1175 603 1228 in
613 1176 726 1228 Africam
739 1176 884 1248 profectus,
895 1197 955 1231 mox
968 1176 1081 1250 pecunia
1093 1189 1235 1248 corruptus

201 1259 361 1331 ,Iugurtham
369 1260 399 1312 in
408 1258 558 1312 simulatam
567 1259 728 1314 deditionem
739 1258 836 1332 accipit
843 1273 871 1313 et
882 1277 946 1330 paee
957 1261 1025 1314 facta
1035 1262 1145 1312 Romam
1154 1259 1233 1313 redit.

201 1344 269 1396 Cum
286 1343 382 1398 deinde
399 1345 536 1398 unsara
550 1346 686 1418 regarium
699 1341 1014 1407 curamiliilrmaani,
1029 1345 1132 1396 tribuni
1148 1343 1188 1414 pl.
1193 1383 1200 1408 ,
1215 1345 1236 1396 ii

197 1431 238 1482 rei
252 1429 410 1500 firmusqui
424 1429 452 1483 in
466 1429 644 1502 legationibus
657 1442 704 1484 aut
715 1427 833 1501 imperiis
845 1449 860 1482 a
873 1429 1007 1502 Jugurtba
1020 1429 1149 1501 pecunias
1160 1447 1235 1482 acce·

200 1527 304 1586 perant,
318 1515 405 1570 bestia
418 1533 433 1568 a
447 1514 612 1596 Memmioiu
620 1513 754 1588 judicium
767 1525 876 1568 vocatus
890 1525 941 1568 est.
957 1513 1036 1568 coar.
1047 1512 1158 1568 Sallust.
1169 1513 1236 1584 lug.

198 1617 223 1650 e.
234 1599 278 1652 ⁴0.
772 1624 774 1628 ’

336 1747 372 1795 Ὗ
447 1754 575 1824 XLIV.
617 1755 666 1824 Μ.
708 1751 912 1822 Antonius.

474 1859 659 1957 [Ellendt.
680 1885 718 1960 p.
739 1861 886 1958 tatu]

170 2067 215 2128 Μ.
227 2063 384 2144 antonius
396 2079 486 2129 natus
497 2087 526 2130 a·
539 2069 580 2134 U.
594 2066 668 2144 610,
678 2064 765 2148 jussu
775 2065 868 2129 Marii
877 2063 1045 2148 Cinooeque
1055 2061 1239 2128 interiectus

124 2177 177 2227 est
188 2185 219 2226 a.
231 2167 274 2233 U.
288 2164 360 2230 666.
377 2163 499 2250 (Vellei.
512 2165 553 2240 11,
564 2165 631 2250 22.)

169 2259 239 2324 Cic.
253 2263 341 2324 Brut.
356 2281 385 2324 c.
396 2263 451 2346 36,
466 2263 544 2326 138:
559 2264 623 2343 Ego
635 2263 681 2326 sie
692 2261 846 2333 existimo,
856 2255 1028 2322 Antonium
1035 2255 1238 2340 Crassumque

124 2357 220 2419 fuisse
234 2372 375 2423 oratores
386 2358 545 2436 maximos,
563 2373 595 2424 et
609 2358 643 2424 in
656 2361 704 2422 his
719 2358 936 2444 primumcum
944 2355 1126 2420 Graeeorum
1138 2356 1239 2437 gloria

125 2457 227 2519 latine
241 2453 367 2522 dicendi
381 2457 502 2540 copiam
516 2469 678 2541 aeqnatam
695 2458 732 2524 C.
748 2455 806 2534 ll,
818 2454 876 2517 163
888 2475 896 2515 a
910 2454 1030 2518 Vellem
1044 2451 1163 2538 aliquid
1176 2451 1238 2518 ai·

125 2554 216 2618 tonio
230 2541 345 2640 praeter
358 2555 445 2622 illum
456 2557 495 2616 de
509 2559 626 2617 ratione
637 2539 763 2644 dicenda]
776 2576 851 2618 sane
862 2553 972 2619 exilem
983 2553 1120 2616 thanum
1131 2552 1237 2616 libuis-

125 2665 174 2716 set
188 2655 340 2718 scribere.

171 2753 243 2819 Cic.
259 2755 316 2820 Or.
335 2773 393 2837 pro
410 2747 534 2816 Cluent.
548 2771 577 2815 c.
594 2754 651 2816 ⁵0:
668 2753 833 2819 Hominem
848 2757 1053 2836 ingeniosum,
1074 2755 1117 2814 Μ.
1139 2759 1237 2817 Anto-

129 2851 232 2926 nium,
243 2851 343 2930 2ainut
356 2850 482 2927 solitum
496 2869 562 2912 esse
577 2849 691 2926 dicere,
706 2852 821 2912 idcirco
834 2871 871 2912 se
883 2853 999 2914 nullam
1017 2871 1150 2935 utquam
1166 2873 1238 2912 ora-

127 2957 244 3014 tionem
257 2955 425 3031 scripsisse,
437 2965 484 3025 ut,
493 2955 522 3010 si
532 2951 608 3035 quid
616 2952 794 3037 aliquando,
805 2954 887 3038 quod
895 2973 960 3014 nort
969 2973 1044 3032 opos
1053 2961 1144 3024 esset,
1156 2951 1196 3012 ab
1207 2972 1242 3011 se

127 3063 211 3110 esset
221 3050 348 3118 dianam,
355 3062 458 3128 posset
468 3066 502 3108 se
512 3067 629 3128 negare
639 3049 766 3110 dixsse.

173 3149 315 3212 Macrob.
331 3149 398 3212 Sat.
407 3149 446 3224 V,
462 3147 476 3208 1
491 3169 499 3208 ε
522 3148 602 3211 Sunt
616 3149 681 3212 stili
696 3147 823 3214 dicendi
837 3151 914 3227 duo,
931 3147 1048 3232 dispari
1062 3148 1240 3211 moralitate

128 3245 268 3310 diversi:
283 3265 363 3310 unns
377 3257 426 3308 est
441 3242 582 3308 maturus
595 3257 627 3310 et
640 3248 757 3328 gravis,
774 3243 875 3330 qualis
889 3247 1000 3310 Crasso
1021 3245 1237 3326 assignatur...

130 3346 213 3406 alter
224 3343 298 3408 buic
309 3336 498 3420 contrarius,
510 3345 624 3408 ardens
634 3357 666 3407 et
676 3356 799 3408 erectus
809 3342 1002 3418 etiuiensus,
1017 3343 1101 3424 quali
1111 3355 1158 3405 est
1167 3362 1240 3406 usus

129 3445 298 3506 Antonius.
1013 3433 1016 3442 ’

174 3542 342 3604 Diomedes
355 3540 396 3614 ΙΙ,
416 3561 449 3622 p.
466 3537 548 3604 468:
570 3539 604 3605 Si
624 3543 659 3606 in
680 3541 850 3626 penultimo
872 3539 967 3603 luerit
989 3539 1170 3622 tribrachys
1190 3537 1241 3600 vel

131 3639 287 3721 dactylus,
298 3639 351 3701 vel
369 3636 569 3724 pyrrhichius
589 3635 622 3702 e't
645 3639 828 3702 successerit
840 3638 892 3702 vel
905 3635 1086 3720 tribrachys
1099 3635 1150 3697 vel
1164 3653 1239 3720 pyr·

131 3733 273 3798 rhicbius
293 3736 344 3798 vel
366 3736 514 3800 molossus
533 3737 585 3799 vel
607 3751 796 3819 anapmtus,
819 3733 883 3799 erit
901 3747 1079 3810 structura,
1103 3751 1169 3814 qum
1190 3731 1242 3795 vel
1269 3723 1342 3796 140

132 3829 287 3896 delumbis
300 3834 350 3896 rel
365 3831 448 3902 iluna
460 3833 511 3897 vel
529 3832 633 3896 mollis
646 3834 777 3912 dicitur3
795 3853 855 3916 qua
872 3853 944 3896 usus
961 3831 1077 3895 dicitur
1088 3830 1241 3890 Antonius

133 3933 249 4017 major.
311 3948 318 3968 ·
459 3921 461 3928 ’

178 4033 372 4114 Quamquam
388 4043 490 4094 antem
502 4029 569 4115 ipse
583 4031 699 4094 nobam
711 4033 884 4097 orationem
899 4031 1049 4113 scriptam
1062 4024 1238 4110 reliquerit,

136 4134 320 4198 aCieerone
335 4146 439 4196 tamen
455 4153 518 4196 nou
533 4149 607 4196 raro
620 4129 682 4196 loci
702 4153 740 4196 ex
759 4133 826 4216 ejus
841 4130 1035 4196 orationibus
1052 4131 1236 4193 afferuntur.

137 4229 275 4296 Librarii
286 4230 368 4294 enim
377 4251 431 4296 eas
441 4244 495 4294 aut
505 4229 643 4310 integras
654 4241 708 4294 aut
720 4249 760 4296 ert
770 4243 859 4313 parte
871 4223 1027 4292 memorie
1035 4224 1240 4290 tradiderant.
