3288 5344
919 578 940 646 8

376 725 489 798 nome
500 715 748 780 animaduersum
763 715 866 777 luerit.
884 715 923 776 Et
940 716 1041 777 luxum
1058 714 1179 794 quidem
1195 733 1403 796 summamque
1416 735 1480 779 ma·

381 812 689 919 galliceutiemlapud
703 815 831 898 populos
855 815 925 878 illos
948 816 1057 898 opibus
1076 814 1221 878 florentes
1242 815 1480 880 Volsiniensium

380 917 548 1030 exemplum
563 900 719 1012 ostendit·
745 917 800 978 sed
820 927 935 996 quanta
955 915 1072 994 flagitia
1096 915 1230 982 mendox
1250 918 1376 980 Groeeia
1392 935 1478 998 pere·

376 1015 475 1095 grinis
498 1015 645 1093 gentiltns
671 1009 843 1088 effinxerit,
866 1015 948 1076 idem
962 1013 1094 1074 Timaeus
1116 1013 1214 1088 testis,
1239 1033 1333 1094 qnnm
1357 1029 1478 1089 narrat,

329 1125 330 1128 ’
376 1135 494 1178 morem
517 1111 685 1192 levigeuti
708 1117 859 1195 corporis,
882 1113 1075 1196 pilorumque
1096 1111 1329 1195 turpiartilieio
1348 1114 1483 1178 evellen-

376 1218 486 1278 dorum
499 1234 519 1276 e
532 1211 691 1293 Messapiis
711 1214 962 1296 Samnitibusque
984 1211 1150 1296 (gentihus
1172 1216 1354 1295 quotidiano
1379 1233 1481 1278 armo·

377 1331 446 1373 rum
459 1331 516 1373 usu
529 1307 755 1392 duratissimis)
773 1312 812 1373 od
826 1313 956 1376 Graecos
975 1311 1067 1374 inisse
1080 1312 1247 1392 perlatum
1274 1313 1397 1395 Quippe
1409 1311 1481 1374 vttii

377 1410 605 1472 excusationem
616 1430 635 1472 a
645 1409 810 1471 mendacio
818 1411 955 1492 petebat

423 1510 454 1571 5.
476 1506 672 1572 Disertorttm
684 1504 776 1586 hujus
792 1506 890 1569 aetatis
903 1506 1062 1568 hominum
1076 1504 1244 1588 perexigua
1256 1506 1297 1568 nd
1311 1525 1367 1568 nos
1386 1523 1480 1588 pene-

377 1605 475 1670 trarit
496 1604 658 1666 memoria.
680 1604 843 1666 Possumus
852 1603 978 1685 ,inquit
993 1605 1035 1664 M.
1052 1601 1192 1665 Tullius
1183 1623 1217 1666 ιιι
1231 1603 1385 1687 Bruto(c.
1407 1603 1480 1686 ll),

376 1701 526 1786 suspicari
547 1701 585 1760 L.
612 1700 742 1762 Brutum
764 1701 933 1777 disertum,
956 1701 1038 1782 quod
1056 1698 1182 1778 regibus
1203 1699 1299 1782 paleis
1319 1699 1479 1764 civitatem

377 1802 607 1885 magistratibus
619 1801 798 1882 legibusque
809 1801 982 1864 devinxerit
989 1827 999 1879 3
1014 1807 1173 1882 possulum
1185 1800 1223 1860 L.
1245 1800 1279 1864 V
1273 1800 1403 1862 αἱοήιιιιι
1415 1801 1477 1862 Po·

376 1905 477 1974 tinem,
488 1899 541 1980 qui
555 1897 749 1960 Decemviris
764 1897 950 1980 contemptis
962 1897 996 1960 in
1009 1898 1078 1980 ipso
1091 1907 1203 1958 senata
1215 1898 1255 1960 de
1268 1897 1358 1976 regia
1369 1917 1477 1960 eorum

375 2007 528 2079 potestate
541 1993 700 2056 liberrime
713 2005 915 2076 conquestus,
931 2004 964 2056 et
976 1993 1102 2074 gentilis
1113 1992 1221 2072 glorie
1231 2013 1351 2058 memor
1359 1994 1480 2074 lqibtu

376 2095 587 2160 saluberrimis
596 2113 723 2174 gravem
735 2095 920 2158 discordiam
933 2095 1062 2158 sedavit.
1078 2096 1126 2160 Μ.
1143 2092 1198 2177 (al.
1210 2093 1286 2182 Μ’.)
1301 2109 1403 2160 autem
1418 2097 1479 2161 Vo-

375 2198 499 2272 lcrium‚
516 2217 607 2278 quem
621 2195 732 2260 Cicero
746 2196 768 2257 l.
786 2216 815 2258 c.
835 2196 1019 2258 dictatorem
1033 2199 1256 2277 compescuisse
1273 2198 1478 2262 secesionem

375 2293 409 2356 in
423 2293 699 2356 montemsecrum
710 2291 803 2367 dixit,
816 2291 967 2356 Funccius
980 2293 1041 2370 (De
1055 2293 1188 2356 adolete.
1199 2295 1237 2356 L.
1248 2297 1274 2356 L
1287 2313 1321 2376 p.
1336 2291 1413 2378 180)
1430 2295 1474 2354 M.

377 2391 536 2454 Valerium
551 2389 685 2453 Corvum
705 2408 771 2452 esse
785 2401 909 2467 censet,
925 2391 1025 2452 sexies
1038 2389 1134 2464 Cos,
1150 2391 1203 2472 qui
1225 2391 1407 2454 reditium
1422 2391 1477 2452 mi·

376 2483 465 2553 litum
483 2493 517 2552 in
531 2489 704 2572 Campania
716 2489 852 2554 dictator
868 2493 1055 2574 composuit,
1073 2493 1214 2572 quomis
1226 2511 1294 2555 reru
1311 2499 1369 2575 per
1387 2491 1472 2555 (loss.

376 2601 567 2654 transactam
589 2589 642 2651 alii
662 2582 799 2652 Annales
820 2591 901 2672 apud
915 2590 984 2652 Liv.
1007 2592 1084 2666 Vll,
1102 2591 1159 2666 38,
1176 2603 1343 2656 testentur.
1356 2593 1479 2656 llalsam

376 2688 505 2752 hnceii
522 2688 708 2750 sententiam
722 2706 814 2751 nemo
833 2709 896 2751 non
911 2689 1007 2751 videt.
1025 2691 1131 2771 Neque
1153 2691 1260 2754 verior
1274 2703 1322 2754 est
1336 2691 1479 2771 B'urignii

378 2787 494 2872 (Mem.
510 2787 548 2845 de
560 2783 687 2849 I'Accd.
708 2786 762 2846 des
775 2788 877 2847 Inter.
895 2785 958 2850 vol.
980 2788 1130 2861 XXXVI,
1147 2809 1179 2870 p.
1197 2787 1275 2874 35),
1291 2788 1476 2852 Ciceronem

375 2902 447 2948 cum
460 2883 586 2948 Valerio
600 2883 749 2958 Maximo,
766 2885 859 2957 Vlll,
876 2889 911 2958 9,
931 2885 945 2946 l
959 2931 967 2959 ,
981 2900 1101 2948 errasse
1115 2885 1330 2950 existimantis.
1347 2887 1416 2948 Non
1428 2905 1478 2950 er·
1594 2933 1597 2940 -

374 2986 475 3062 ravit3
499 2985 553 3047 sed
575 2981 651 3046 alios
674 2983 812 3064 Annales
834 2995 956 3046 secutus
980 2997 1028 3046 est
1049 2997 1192 3066 uterque.
1211 2985 1302 3052 nont.
1324 2985 1476 3050 Niebuhr.

375 3088 456 3148 llist.
473 3088 564 3146 Rom.
581 3083 644 3144 vol.
660 3083 703 3144 ll.
719 3103 752 3164 p.
768 3081 830 3143 404
845 3101 913 3162 sqq.
928 3083 977 3145 ed.
1007 3103 1070 3146 sec.
1093 3087 1193 3148 Porro
1214 3086 1254 3148 C.
1278 3083 1474 3158 Fabricium,

375 3182 425 3244 M.
442 3180 631 3257 Popillium,
648 3177 699 3238 M.
719 3178 861 3253 Curium,
880 3178 931 3260 qui
946 3190 995 3242 ter
1011 3179 1082 3243 Cos.
1098 3183 1253 3264 Pyrrhum
1271 3181 1363 3246 ltalia
1383 3202 1477 3265 expu-

375 3278 428 3349 lit,
448 3274 520 3336 Ttb.
540 3274 783 3346 Coruncanium,
799 3273 932 3354 primum
947 3277 985 3338 de
996 3276 1088 3358 plebe
1101 3280 1193 3343 Pout.
1207 3280 1309 3357 Mun,
1324 3279 1473 3351 etesiis,

375 3376 429 3455 qui
442 3374 540 3436 seritis
549 3371 710 3446 vixerunt,
731 3370 766 3432 0.
783 3371 991 3448 Flaminium,
1007 3376 1047 3458 Q.
1065 3374 1201 3436 Fadium
1214 3377 1415 3454 Maximum,
1432 3379 1472 3458 Q.

316 3459 322 3472 '
376 3475 559 3546 Metellum,
573 3472 670 3536 verbo
684 3485 816 3552 tangens
829 3472 941 3536 Cicero
953 3476 1163 3558 persequitur.

422 3573 556 3664 [Quibus
569 3576 777 3656 westemp.
796 3573 832 3634 tt
849 3594 916 3657 sqq.
932 3575 1019 3638 addit
1033 3577 1070 3638 P.
1087 3576 1257 3640 Valerium
1265 3576 1474 3655 Poplicolum,

376 3681 414 3740 l..
434 3677 525 3740 Bruti
549 3674 717 3755 collegam,
737 3693 828 3756 quem
851 3675 1036 3739 Plutarchus
1058 3677 1092 3738 in
1106 3677 1181 3739 Vita
1202 3695 1232 3739 c.
1252 3677 1283 3751 l,
1302 3691 1419 3760 loquat·
1431 3683 1477 3740 διὰ

377 3779 452 3855 talpas
471 3775 563 3837 luisse
582 3774 696 3842 refert,
712 3771 980 3854 laudationemque
995 3773 1120 3854 collegae
1137 3773 1275 3840 defuncti
1289 3774 1349 3858 ipsi
1364 3773 1476 3836 tribuit.

380 3890 411 3934 c.
429 3876 467 3943 9,
483 3885 552 3956 post
562 3870 693 3956 Dionys.
708 3871 777 3934 Hal.
795 3877 835 3936 Α.
851 3874 889 3936 R.
908 3876 949 3948 V,
966 3872 1015 3936 ll.
1033 3873 1155 3936 Deinde
1168 3873 1352 3934 Menenium
1359 3875 1475 3952 Agrip-

373 3989 464 4048 poen,
481 3993 501 4034 e
515 3969 604 4034 Livio
620 3972 670 4043 ll,
686 3969 745 4048 233
768 3984 801 4034 et
821 3989 897 4052 quoe
915 3971 1067 4052 posterius
1089 3971 1142 4036 hic
1158 3957 1316 4036 orationes
1329 3972 1476 4038 habuisse

264 4139 267 4144 ,
374 4068 527 4134 vellinxit
541 4069 592 4132 vel
608 4068 642 4132 in
665 4069 838 4134 Annalibus
857 4069 992 4147 invenit,
1015 4070 1065 4130 M.
1082 4070 1231 4144 Fabium,
1247 4091 1278 4134 a.
1301 4071 1362 4137 273
1379 4071 1472 4144 Ges,

375 4170 424 4243 ll,
443 4169 504 4244 tt;
529 4169 690 4230 Kaesonem
716 4171 907 4250 Quinctium,
923 4173 985 4246 lll‚
1005 4171 1062 4248 113
1087 4171 1126 4232 0.
1155 4170 1352 4246 emmim,
1374 4170 1473 4234 tribu·

376 4269 543 4341 num,-lV‚
563 4265 663 4341 3-5;
695 4266 834 4346 Appium
863 4266 1040 4342 Claudium,
1065 4271 1109 4340 V,
1128 4267 1235 4346 3—63
1258 4269 1386 4332 Fwium
1410 4268 1472 4330 Ga·

361 4433 363 4438 Ι
376 4364 508 4438 millum,
527 4368 567 4436 V,
592 4362 720 4428 51-54
732 4387 740 4441 3
760 4365 896 4444 Appium
910 4363 1069 4426 Claudium
1081 4364 1237 4439 Crassum,
1255 4369 1309 4443 Vl,
1324 4369 1368 4430 40
1379 4385 1473 4448 etp-
