<?xml version="1.0" encoding="UTF-8"?>
<!DOCTYPE html PUBLIC "-//W3C//DTD XHTML 1.0 Transitional//EN"
    "http://www.w3.org/TR/xhtml1/DTD/xhtml1-transitional.dtd">
<html xmlns="http://www.w3.org/1999/xhtml" xml:lang="en" lang="en">
 <head>
  <title>
</title>
<meta http-equiv="Content-Type" content="text/html;charset=utf-8" />
  <meta name='ocr-system' content='tesseract 3.04.00' />
  <meta name='ocr-capabilities' content='ocr_page ocr_carea ocr_par ocr_line ocrx_word'/>
</head>
<body>
  <div class='ocr_page' id='page_1' title='image "./oratorumromanor01meyegoog_0189.png"; bbox 0 0 3212 5326; ppageno 0'>
   <div class='ocr_carea' id='block_1_1' title="bbox 859 396 926 468">
    <p class='ocr_par' dir='ltr' id='par_1_1' title="bbox 859 396 926 468">
     <span class='ocr_line' id='line_1_1' title="bbox 859 396 926 468; baseline 0.03 -2"><span class='ocrx_word' id='word_1_1' title='bbox 859 396 926 468; x_wconf 76' lang='lat'><strong>166</strong></span> 
     </span>
    </p>
   </div>
   <div class='ocr_carea' id='block_1_2' title="bbox 336 527 1439 1006">
    <p class='ocr_par' dir='ltr' id='par_1_2' title="bbox 336 527 1439 716">
     <span class='ocr_line' id='line_1_2' title="bbox 336 527 1439 612; baseline -0.007 -16"><span class='ocrx_word' id='word_1_2' title='bbox 336 533 440 596; x_wconf 86' lang='lat' dir='ltr'><strong>Gellio</strong></span> <span class='ocrx_word' id='word_1_3' title='bbox 454 531 664 610; x_wconf 86' lang='lat' dir='ltr'><strong>corrigendus,</strong></span> <span class='ocrx_word' id='word_1_4' title='bbox 682 542 773 611; x_wconf 86' lang='lat' dir='ltr'><strong>atque</strong></span> <span class='ocrx_word' id='word_1_5' title='bbox 783 529 849 612; x_wconf 87' lang='lat' dir='ltr'><strong>jam</strong></span> <span class='ocrx_word' id='word_1_6' title='bbox 865 527 961 594; x_wconf 89' lang='lat' dir='ltr'><strong>editio</strong></span> <span class='ocrx_word' id='word_1_7' title='bbox 977 529 1057 598; x_wconf 81' lang='lat'>1526</span> <span class='ocrx_word' id='word_1_8' title='bbox 1073 546 1181 596; x_wconf 84' lang='lat' dir='ltr'><strong>rerum</strong></span> <span class='ocrx_word' id='word_1_9' title='bbox 1193 527 1290 592; x_wconf 82' lang='lat' dir='ltr'><strong>hahet</strong></span> <span class='ocrx_word' id='word_1_10' title='bbox 1302 528 1365 588; x_wconf 83' lang='lat' dir='ltr'><strong>Sed</strong></span> <span class='ocrx_word' id='word_1_11' title='bbox 1375 533 1439 588; x_wconf 72' lang='grc' dir='ltr'>ιιίιι·</span> 
     </span>
     <span class='ocr_line' id='line_1_3' title="bbox 337 627 1202 716; baseline 0.002 -26"><span class='ocrx_word' id='word_1_12' title='bbox 337 638 402 716; x_wconf 76' lang='lat' dir='ltr'><strong>qui,</strong></span> <span class='ocrx_word' id='word_1_13' title='bbox 417 632 499 713; x_wconf 84' lang='lat' dir='ltr'><strong>qnod</strong></span> <span class='ocrx_word' id='word_1_14' title='bbox 512 631 547 690; x_wconf 91' lang='lat' dir='ltr'><strong>in</strong></span> <span class='ocrx_word' id='word_1_15' title='bbox 558 627 633 692; x_wconf 86' lang='lat' dir='ltr'><strong>edit.</strong></span> <span class='ocrx_word' id='word_1_16' title='bbox 648 628 783 692; x_wconf 82' lang='lat' dir='ltr'><strong>Merceri</strong></span> <span class='ocrx_word' id='word_1_17' title='bbox 794 629 996 713; x_wconf 82' lang='lat' dir='ltr'><strong>depravatum</strong></span> <span class='ocrx_word' id='word_1_18' title='bbox 1011 641 1068 692; x_wconf 89' lang='lat' dir='ltr'><strong>est.</strong></span> <span class='ocrx_word' id='word_1_19' title='bbox 1200 649 1202 654; x_wconf 87' lang='lat'><em>·</em></span> 
     </span>
    </p>

    <p class='ocr_par' dir='ltr' id='par_1_3' title="bbox 338 719 1439 1006">
     <span class='ocr_line' id='line_1_4' title="bbox 379 719 1439 808; baseline -0.007 -19"><span class='ocrx_word' id='word_1_20' title='bbox 379 724 500 796; x_wconf 86' lang='lat' dir='ltr'><strong>Gellius</strong></span> <span class='ocrx_word' id='word_1_21' title='bbox 513 725 553 802; x_wconf 91' lang='lat' dir='ltr'><strong>ll,</strong></span> <span class='ocrx_word' id='word_1_22' title='bbox 571 726 628 788; x_wconf 74' lang='lat'><strong>132</strong></span> <span class='ocrx_word' id='word_1_23' title='bbox 646 729 687 788; x_wconf 99' lang='grc' dir='ltr'><strong>Μ.</strong></span> <span class='ocrx_word' id='word_1_24' title='bbox 705 725 783 790; x_wconf 80' lang='lat' dir='ltr'><strong>Cato</strong></span> <span class='ocrx_word' id='word_1_25' title='bbox 799 727 833 788; x_wconf 89' lang='lat' dir='ltr'><strong>in</strong></span> <span class='ocrx_word' id='word_1_26' title='bbox 847 724 992 792; x_wconf 84' lang='lat' dir='ltr'><strong>oratione</strong></span> <span class='ocrx_word' id='word_1_27' title='bbox 1007 728 1046 790; x_wconf 92' lang='lat' dir='ltr'><strong>de</strong></span> <span class='ocrx_word' id='word_1_28' title='bbox 1058 745 1095 788; x_wconf 88' lang='lat' dir='ltr'><strong>re</strong></span> <span class='ocrx_word' id='word_1_29' title='bbox 1112 723 1215 788; x_wconf 84' lang='lat' dir='ltr'><strong>Floria</strong></span> <span class='ocrx_word' id='word_1_30' title='bbox 1230 725 1274 788; x_wconf 90' lang='lat' dir='ltr'><strong>ita</strong></span> <span class='ocrx_word' id='word_1_31' title='bbox 1287 719 1439 808; x_wconf 69' lang='lat' dir='ltr'><strong>scripsita</strong></span> 
     </span>
     <span class='ocr_line' id='line_1_5' title="bbox 342 822 1438 906; baseline -0.006 -20"><span class='ocrx_word' id='word_1_32' title='bbox 342 825 392 886; x_wconf 86' lang='lat' dir='ltr'><strong>lbi</strong></span> <span class='ocrx_word' id='word_1_33' title='bbox 400 845 461 904; x_wconf 83' lang='lat' dir='ltr'><strong>pro</strong></span> <span class='ocrx_word' id='word_1_34' title='bbox 472 825 653 906; x_wconf 81' lang='lat' dir='ltr'><strong>sconofuit,</strong></span> <span class='ocrx_word' id='word_1_35' title='bbox 669 829 700 882; x_wconf 87' lang='lat' dir='ltr'><strong>in</strong></span> <span class='ocrx_word' id='word_1_36' title='bbox 709 822 878 885; x_wconf 77' lang='lat' dir='ltr'><em>cubiculum</em></span> <span class='ocrx_word' id='word_1_37' title='bbox 887 828 1084 888; x_wconf 78' lang='lat' dir='ltr'><strong>surrectitavit</strong></span> <span class='ocrx_word' id='word_1_38' title='bbox 1096 845 1116 885; x_wconf 86' lang='lat' dir='ltr'><strong>e</strong></span> <span class='ocrx_word' id='word_1_39' title='bbox 1129 826 1275 902; x_wconf 75' lang='lat' dir='ltr'><strong>conuiuio,</strong></span> <span class='ocrx_word' id='word_1_40' title='bbox 1286 841 1355 882; x_wconf 88' lang='lat' dir='ltr'><strong>cum</strong></span> <span class='ocrx_word' id='word_1_41' title='bbox 1365 842 1438 900; x_wconf 82' lang='lat' dir='ltr'><strong>par-</strong></span> 
     </span>
     <span class='ocr_line' id='line_1_6' title="bbox 338 920 1136 1006; baseline 0.003 -24"><span class='ocrx_word' id='word_1_42' title='bbox 338 930 394 986; x_wconf 80' lang='lat' dir='ltr'><strong>tim</strong></span> <span class='ocrx_word' id='word_1_43' title='bbox 403 925 525 986; x_wconf 76' lang='lat' dir='ltr'><strong>uorum</strong></span> <span class='ocrx_word' id='word_1_44' title='bbox 536 920 606 1006; x_wconf 80' lang='lat' dir='ltr'><strong>jam</strong></span> <span class='ocrx_word' id='word_1_45' title='bbox 617 943 702 1004; x_wconf 76' lang='lat' dir='ltr'><strong>supe</strong></span> <span class='ocrx_word' id='word_1_46' title='bbox 715 926 758 984; x_wconf 81' lang='lat' dir='ltr'><strong>ad</strong></span> <span class='ocrx_word' id='word_1_47' title='bbox 768 927 910 986; x_wconf 85' lang='lat' dir='ltr'><strong>eumdem</strong></span> <span class='ocrx_word' id='word_1_48' title='bbox 923 927 1048 986; x_wconf 87' lang='lat' dir='ltr'><strong>modum</strong></span> <span class='ocrx_word' id='word_1_49' title='bbox 1061 939 1136 986; x_wconf 83' lang='lat' dir='ltr'><strong>erat.</strong></span> 
     </span>
    </p>
   </div>
   <div class='ocr_carea' id='block_1_3' title="bbox 373 1060 1138 1134">
    <p class='ocr_par' dir='ltr' id='par_1_4' title="bbox 373 1060 1138 1134">
     <span class='ocr_line' id='line_1_7' title="bbox 373 1060 1138 1134; baseline 0.005 -22"><span class='ocrx_word' id='word_1_50' title='bbox 373 1063 386 1090; x_wconf 86' lang='lat'>*</span> <span class='ocrx_word' id='word_1_51' title='bbox 398 1066 472 1128; x_wconf 81' lang='lat' dir='ltr'><strong>erat]</strong></span> <span class='ocrx_word' id='word_1_52' title='bbox 491 1061 654 1134; x_wconf 73' lang='lat' dir='ltr'><strong>legendum,</strong></span> <span class='ocrx_word' id='word_1_53' title='bbox 667 1061 839 1132; x_wconf 60' lang='lat' dir='ltr'><strong>nijiallirnur,</strong></span> <span class='ocrx_word' id='word_1_54' title='bbox 852 1069 938 1116; x_wconf 79' lang='lat' dir='ltr'><strong>erant.</strong></span> <span class='ocrx_word' id='word_1_55' title='bbox 954 1062 988 1116; x_wconf 83' lang='lat' dir='ltr'><strong>V.</strong></span> <span class='ocrx_word' id='word_1_56' title='bbox 1000 1060 1036 1115; x_wconf 84' lang='lat' dir='ltr'><strong>nd</strong></span> <span class='ocrx_word' id='word_1_57' title='bbox 1049 1080 1079 1134; x_wconf 80' lang='lat' dir='ltr'><strong>p.</strong></span> <span class='ocrx_word' id='word_1_58' title='bbox 1096 1063 1138 1116; x_wconf 89' lang='grc'><strong>51.</strong></span> 
     </span>
    </p>
   </div>
   <div class='ocr_carea' id='block_1_4' title="bbox 265 1255 1359 1340">
    <p class='ocr_par' dir='ltr' id='par_1_5' title="bbox 265 1255 1359 1340">
     <span class='ocr_line' id='line_1_8' title="bbox 265 1255 1359 1340; baseline -0.002 -22"><span class='ocrx_word' id='word_1_59' title='bbox 265 1269 311 1340; x_wconf 72' lang='lat'><strong>(52</strong></span> <span class='ocrx_word' id='word_1_60' title='bbox 417 1255 851 1330; x_wconf 76' lang='lat' dir='ltr'><strong>53.crrorsn1ssussrone,</strong></span> <span class='ocrx_word' id='word_1_61' title='bbox 875 1276 912 1318; x_wconf 81' lang='lat' dir='ltr'><strong>ue</strong></span> <span class='ocrx_word' id='word_1_62' title='bbox 936 1269 1103 1320; x_wconf 71' lang='lat' dir='ltr'><strong>tuxsani</strong></span> <span class='ocrx_word' id='word_1_63' title='bbox 1127 1273 1359 1318; x_wconf 74' lang='lat' dir='ltr'><strong>associamur.</strong></span> 
     </span>
    </p>
   </div>
   <div class='ocr_carea' id='block_1_5' title="bbox 275 1420 1443 3202">
    <p class='ocr_par' dir='ltr' id='par_1_6' title="bbox 275 1420 1443 3109">
     <span class='ocr_line' id='line_1_9' title="bbox 275 1420 1443 1532; baseline 0.002 -22"><span class='ocrx_word' id='word_1_64' title='bbox 275 1420 292 1448; x_wconf 63' lang='grc'>’</span> <span class='ocrx_word' id='word_1_65' title='bbox 380 1447 507 1528; x_wconf 76' lang='lat' dir='ltr'><strong>Pighius</strong></span> <span class='ocrx_word' id='word_1_66' title='bbox 522 1449 637 1512; x_wconf 82' lang='lat' dir='ltr'><strong>Annal.</strong></span> <span class='ocrx_word' id='word_1_67' title='bbox 665 1450 728 1512; x_wconf 83' lang='lat' dir='ltr'><strong>vol.</strong></span> <span class='ocrx_word' id='word_1_68' title='bbox 749 1448 781 1526; x_wconf 81' lang='lat'><strong>2,</strong></span> <span class='ocrx_word' id='word_1_69' title='bbox 797 1467 829 1532; x_wconf 85' lang='lat' dir='ltr'><strong>p.</strong></span> <span class='ocrx_word' id='word_1_70' title='bbox 846 1447 911 1512; x_wconf 78' lang='grc'><strong>559</strong></span> <span class='ocrx_word' id='word_1_71' title='bbox 926 1443 1038 1513; x_wconf 79' lang='lat' dir='ltr'><strong>&#39;scribit</strong></span> <span class='ocrx_word' id='word_1_72' title='bbox 1053 1468 1062 1507; x_wconf 74' lang='grc' dir='ltr'><strong><em>ε</em></strong></span> <span class='ocrx_word' id='word_1_73' title='bbox 1079 1446 1240 1512; x_wconf 74' lang='lat' dir='ltr'><strong>‹videtnr</strong></span> <span class='ocrx_word' id='word_1_74' title='bbox 1253 1451 1297 1511; x_wconf 87' lang='grc' dir='ltr'><strong>Μ.</strong></span> <span class='ocrx_word' id='word_1_75' title='bbox 1322 1448 1443 1512; x_wconf 84' lang='lat' dir='ltr'><strong>Baebius</strong></span> 
     </span>
     <span class='ocr_line' id='line_1_10' title="bbox 340 1545 1439 1634; baseline -0.002 -22"><span class='ocrx_word' id='word_1_76' title='bbox 340 1561 456 1633; x_wconf 83' lang='lat' dir='ltr'><strong>praetor</strong></span> <span class='ocrx_word' id='word_1_77' title='bbox 468 1549 569 1628; x_wconf 85' lang='lat' dir='ltr'><strong>legem</strong></span> <span class='ocrx_word' id='word_1_78' title='bbox 582 1549 677 1632; x_wconf 84' lang='lat' dir='ltr'><strong>(anno</strong></span> <span class='ocrx_word' id='word_1_79' title='bbox 689 1548 764 1634; x_wconf 81' lang='lat'>562)</span> <span class='ocrx_word' id='word_1_80' title='bbox 778 1565 818 1610; x_wconf 83' lang='lat' dir='ltr'><strong>ex</strong></span> <span class='ocrx_word' id='word_1_81' title='bbox 833 1559 962 1610; x_wconf 85' lang='lat' dir='ltr'><strong>&#39;senatus</strong></span> <span class='ocrx_word' id='word_1_82' title='bbox 977 1548 1162 1612; x_wconf 85' lang='lat' dir='ltr'><strong>anctoritate</strong></span> <span class='ocrx_word' id='word_1_83' title='bbox 1175 1545 1283 1610; x_wconf 89' lang='lat' dir='ltr'><strong>tulisse</strong></span> <span class='ocrx_word' id='word_1_84' title='bbox 1294 1549 1333 1609; x_wconf 86' lang='lat' dir='ltr'><strong>ad</strong></span> <span class='ocrx_word' id='word_1_85' title='bbox 1346 1567 1439 1631; x_wconf 84' lang='lat' dir='ltr'><strong>popu·</strong></span> 
     </span>
     <span class='ocr_line' id='line_1_11' title="bbox 340 1643 1436 1728; baseline -0.005 -18"><span class='ocrx_word' id='word_1_86' title='bbox 340 1650 415 1723; x_wconf 89' lang='lat' dir='ltr'><strong>lnrn,</strong></span> <span class='ocrx_word' id='word_1_87' title='bbox 431 1659 466 1708; x_wconf 89' lang='lat' dir='ltr'><strong>nt</strong></span> <span class='ocrx_word' id='word_1_88' title='bbox 480 1643 612 1709; x_wconf 89' lang='lat' dir='ltr'><strong>alternis</strong></span> <span class='ocrx_word' id='word_1_89' title='bbox 622 1646 714 1708; x_wconf 86' lang='lat' dir='ltr'><strong>annis</strong></span> <span class='ocrx_word' id='word_1_90' title='bbox 727 1657 860 1726; x_wconf 83' lang='lat' dir='ltr'><strong>quatuor</strong></span> <span class='ocrx_word' id='word_1_91' title='bbox 872 1645 1065 1708; x_wconf 82' lang='lat' dir='ltr'><strong>solummodo</strong></span> <span class='ocrx_word' id='word_1_92' title='bbox 1078 1657 1229 1728; x_wconf 80' lang='lat' dir='ltr'><strong>praetores</strong></span> <span class='ocrx_word' id='word_1_93' title='bbox 1243 1657 1436 1706; x_wconf 78' lang='lat' dir='ltr'><strong>crearentur.</strong></span> 
     </span>
     <span class='ocr_line' id='line_1_12' title="bbox 341 1737 1442 1828; baseline -0.001 -24"><span class='ocrx_word' id='word_1_94' title='bbox 341 1745 442 1828; x_wconf 86' lang='lat' dir='ltr'><strong>Quam</strong></span> <span class='ocrx_word' id='word_1_95' title='bbox 464 1755 568 1806; x_wconf 86' lang='lat' dir='ltr'><strong>tamen</strong></span> <span class='ocrx_word' id='word_1_96' title='bbox 589 1743 717 1807; x_wconf 84' lang='lat' dir='ltr'><strong>otiosum</strong></span> <span class='ocrx_word' id='word_1_97' title='bbox 741 1745 781 1804; x_wconf 91' lang='lat' dir='ltr'><strong>ad</strong></span> <span class='ocrx_word' id='word_1_98' title='bbox 803 1761 919 1804; x_wconf 88' lang='lat' dir='ltr'><strong>aunum</strong></span> <span class='ocrx_word' id='word_1_99' title='bbox 942 1741 1003 1804; x_wconf 78' lang='grc'><strong>574</strong></span> <span class='ocrx_word' id='word_1_100' title='bbox 1028 1739 1092 1815; x_wconf 87' lang='lat' dir='ltr'><strong>(vel</strong></span> <span class='ocrx_word' id='word_1_101' title='bbox 1114 1737 1219 1824; x_wconf 85' lang='lat' dir='ltr'><strong>potius</strong></span> <span class='ocrx_word' id='word_1_102' title='bbox 1244 1741 1319 1828; x_wconf 79' lang='lat' dir='ltr'><strong>sto)</strong></span> <span class='ocrx_word' id='word_1_103' title='bbox 1347 1759 1442 1822; x_wconf 86' lang='lat' dir='ltr'><strong>usque</strong></span> 
     </span>
     <span class='ocr_line' id='line_1_13' title="bbox 342 1841 1437 1927; baseline -0.005 -19"><span class='ocrx_word' id='word_1_104' title='bbox 342 1845 447 1921; x_wconf 86' lang='lat' dir='ltr'><strong>(coni.</strong></span> <span class='ocrx_word' id='word_1_105' title='bbox 461 1845 529 1907; x_wconf 87' lang='lat' dir='ltr'><strong>Liv.</strong></span> <span class='ocrx_word' id='word_1_106' title='bbox 545 1845 612 1922; x_wconf 89' lang='lat' dir='ltr'><strong>XL,</strong></span> <span class='ocrx_word' id='word_1_107' title='bbox 633 1845 672 1910; x_wconf 82' lang='lat'><strong>19</strong></span> <span class='ocrx_word' id='word_1_108' title='bbox 687 1857 720 1906; x_wconf 88' lang='lat' dir='ltr'><strong>et</strong></span> <span class='ocrx_word' id='word_1_109' title='bbox 733 1841 790 1927; x_wconf 78' lang='lat' dir='ltr'><strong>lt)</strong></span> <span class='ocrx_word' id='word_1_110' title='bbox 806 1855 838 1905; x_wconf 89' lang='lat' dir='ltr'><strong>et</strong></span> <span class='ocrx_word' id='word_1_111' title='bbox 851 1856 960 1925; x_wconf 85' lang='lat' dir='ltr'><strong>postea</strong></span> <span class='ocrx_word' id='word_1_112' title='bbox 973 1843 1067 1907; x_wconf 86' lang='lat' dir='ltr'><strong>etiarn</strong></span> <span class='ocrx_word' id='word_1_113' title='bbox 1082 1843 1283 1919; x_wconf 83' lang='lat' dir='ltr'><strong>remansisse,</strong></span> <span class='ocrx_word' id='word_1_114' title='bbox 1298 1861 1338 1904; x_wconf 79' lang='lat' dir='ltr'><strong>ex</strong></span> <span class='ocrx_word' id='word_1_115' title='bbox 1353 1861 1437 1924; x_wconf 85' lang='lat' dir='ltr'><strong>snpe-</strong></span> 
     </span>
     <span class='ocr_line' id='line_1_14' title="bbox 340 1937 1440 2022; baseline -0.001 -18"><span class='ocrx_word' id='word_1_116' title='bbox 340 1943 479 2006; x_wconf 84' lang='lat' dir='ltr'><strong>rioribns</strong></span> <span class='ocrx_word' id='word_1_117' title='bbox 491 1943 583 2008; x_wconf 88' lang='lat' dir='ltr'><strong>iacile</strong></span> <span class='ocrx_word' id='word_1_118' title='bbox 597 1943 742 2022; x_wconf 83' lang='lat' dir='ltr'><strong>colligere</strong></span> <span class='ocrx_word' id='word_1_119' title='bbox 755 1955 815 2016; x_wconf 89' lang='lat' dir='ltr'><strong>est,</strong></span> <span class='ocrx_word' id='word_1_120' title='bbox 831 1953 866 2002; x_wconf 88' lang='lat' dir='ltr'><strong>nt</strong></span> <span class='ocrx_word' id='word_1_121' title='bbox 880 1961 918 2004; x_wconf 84' lang='lat' dir='ltr'><strong>ex</strong></span> <span class='ocrx_word' id='word_1_122' title='bbox 930 1941 1130 2022; x_wconf 88' lang='lat' dir='ltr'><strong>sequentibus</strong></span> <span class='ocrx_word' id='word_1_123' title='bbox 1141 1937 1308 2014; x_wconf 84' lang='lat' dir='ltr'><strong>constabit,</strong></span> <span class='ocrx_word' id='word_1_124' title='bbox 1319 1943 1440 2020; x_wconf 87' lang='lat' dir='ltr'><strong>qnando</strong></span> 
     </span>
     <span class='ocr_line' id='line_1_15' title="bbox 344 2039 1440 2122; baseline -0.004 -18"><span class='ocrx_word' id='word_1_125' title='bbox 344 2039 503 2118; x_wconf 90' lang='lat' dir='ltr'><strong>nimirum,</strong></span> <span class='ocrx_word' id='word_1_126' title='bbox 517 2061 588 2104; x_wconf 89' lang='lat' dir='ltr'><strong>cum</strong></span> <span class='ocrx_word' id='word_1_127' title='bbox 599 2042 680 2104; x_wconf 83' lang='lat' dir='ltr'><strong>mole</strong></span> <span class='ocrx_word' id='word_1_128' title='bbox 689 2039 814 2121; x_wconf 88' lang='lat' dir='ltr'><strong>imperii</strong></span> <span class='ocrx_word' id='word_1_129' title='bbox 826 2040 1037 2104; x_wconf 83' lang='lat' dir='ltr'><strong>crescentibus</strong></span> <span class='ocrx_word' id='word_1_130' title='bbox 1049 2039 1150 2115; x_wconf 88' lang='lat' dir='ltr'><strong>bellis,</strong></span> <span class='ocrx_word' id='word_1_131' title='bbox 1163 2053 1330 2122; x_wconf 83' lang='lat' dir='ltr'><strong>praetorum</strong></span> <span class='ocrx_word' id='word_1_132' title='bbox 1338 2058 1440 2101; x_wconf 83' lang='lat' dir='ltr'><strong>nume·</strong></span> 
     </span>
     <span class='ocr_line' id='line_1_16' title="bbox 342 2133 1440 2220; baseline -0.005 -18"><span class='ocrx_word' id='word_1_133' title='bbox 342 2160 412 2204; x_wconf 86' lang='lat' dir='ltr'><strong>rum</strong></span> <span class='ocrx_word' id='word_1_134' title='bbox 426 2143 579 2219; x_wconf 79' lang='lat' dir='ltr'><strong>adaugere</strong></span> <span class='ocrx_word' id='word_1_135' title='bbox 601 2141 701 2218; x_wconf 87' lang='lat' dir='ltr'><strong>magis</strong></span> <span class='ocrx_word' id='word_1_136' title='bbox 720 2157 812 2220; x_wconf 88' lang='lat' dir='ltr'><strong>qnam</strong></span> <span class='ocrx_word' id='word_1_137' title='bbox 840 2133 983 2200; x_wconf 86' lang='lat' dir='ltr'><strong>minnere</strong></span> <span class='ocrx_word' id='word_1_138' title='bbox 1010 2155 1135 2200; x_wconf 85' lang='lat' dir='ltr'><strong>neeesse</strong></span> <span class='ocrx_word' id='word_1_139' title='bbox 1162 2136 1233 2201; x_wconf 84' lang='lat' dir='ltr'><strong>luit.</strong></span> <span class='ocrx_word' id='word_1_140' title='bbox 1255 2135 1440 2200; x_wconf 78' lang='lat' dir='ltr'><strong>Diseussisse</strong></span> 
     </span>
     <span class='ocr_line' id='line_1_17' title="bbox 343 2239 1440 2320; baseline -0.005 -16"><span class='ocrx_word' id='word_1_141' title='bbox 343 2257 447 2305; x_wconf 88' lang='lat' dir='ltr'><strong>tamen</strong></span> <span class='ocrx_word' id='word_1_142' title='bbox 463 2241 630 2320; x_wconf 85' lang='lat' dir='ltr'><strong>aliquando</strong></span> <span class='ocrx_word' id='word_1_143' title='bbox 640 2241 683 2299; x_wconf 89' lang='grc' dir='ltr'><strong>Μ.</strong></span> <span class='ocrx_word' id='word_1_144' title='bbox 700 2239 861 2312; x_wconf 86' lang='lat' dir='ltr'><strong>Catonem,</strong></span> <span class='ocrx_word' id='word_1_145' title='bbox 879 2259 920 2300; x_wconf 91' lang='lat' dir='ltr'><strong>ne</strong></span> <span class='ocrx_word' id='word_1_146' title='bbox 932 2239 1136 2319; x_wconf 84' lang='lat' dir='ltr'><strong>derogaretur</strong></span> <span class='ocrx_word' id='word_1_147' title='bbox 1149 2240 1199 2302; x_wconf 85' lang='lat' dir='ltr'><strong>lex</strong></span> <span class='ocrx_word' id='word_1_148' title='bbox 1220 2239 1336 2314; x_wconf 85' lang='lat' dir='ltr'><strong>Baebia,</strong></span> <span class='ocrx_word' id='word_1_149' title='bbox 1359 2250 1392 2300; x_wconf 85' lang='lat' dir='ltr'><strong>et</strong></span> <span class='ocrx_word' id='word_1_150' title='bbox 1403 2239 1440 2299; x_wconf 88' lang='lat' dir='ltr'><strong>ad</strong></span> 
     </span>
     <span class='ocr_line' id='line_1_18' title="bbox 343 2335 1438 2426; baseline -0.002 -22"><span class='ocrx_word' id='word_1_151' title='bbox 343 2341 488 2426; x_wconf 89' lang='lat' dir='ltr'><strong>populum</strong></span> <span class='ocrx_word' id='word_1_152' title='bbox 501 2342 609 2402; x_wconf 88' lang='lat' dir='ltr'><strong>dehac</strong></span> <span class='ocrx_word' id='word_1_153' title='bbox 623 2337 733 2419; x_wconf 83' lang='lat' dir='ltr'><strong>egisse,</strong></span> <span class='ocrx_word' id='word_1_154' title='bbox 743 2335 916 2416; x_wconf 87' lang='lat' dir='ltr'><strong>colligimus</strong></span> <span class='ocrx_word' id='word_1_155' title='bbox 930 2359 968 2401; x_wconf 86' lang='lat' dir='ltr'><strong>ex</strong></span> <span class='ocrx_word' id='word_1_156' title='bbox 976 2341 1079 2416; x_wconf 87' lang='lat' dir='ltr'><strong>Festo,</strong></span> <span class='ocrx_word' id='word_1_157' title='bbox 1097 2342 1150 2422; x_wconf 89' lang='lat' dir='ltr'><strong>qni</strong></span> <span class='ocrx_word' id='word_1_158' title='bbox 1159 2341 1237 2404; x_wconf 88' lang='lat' dir='ltr'><strong>citat</strong></span> <span class='ocrx_word' id='word_1_159' title='bbox 1245 2339 1314 2422; x_wconf 87' lang='lat' dir='ltr'><strong>ejus</strong></span> <span class='ocrx_word' id='word_1_160' title='bbox 1327 2340 1438 2402; x_wconf 85' lang='lat' dir='ltr'><strong>oratio·</strong></span> 
     </span>
     <span class='ocr_line' id='line_1_19' title="bbox 344 2434 1440 2518; baseline -0.004 -18"><span class='ocrx_word' id='word_1_161' title='bbox 344 2459 415 2501; x_wconf 90' lang='lat' dir='ltr'><strong>nem</strong></span> <span class='ocrx_word' id='word_1_162' title='bbox 427 2436 462 2500; x_wconf 92' lang='lat' dir='ltr'><strong>in</strong></span> <span class='ocrx_word' id='word_1_163' title='bbox 473 2457 551 2500; x_wconf 83' lang='lat' dir='ltr'><strong>voce</strong></span> <span class='ocrx_word' id='word_1_164' title='bbox 561 2439 667 2517; x_wconf 80' lang='lat' dir='ltr'><strong>Rogat.</strong></span> <span class='ocrx_word' id='word_1_165' title='bbox 687 2463 701 2494; x_wconf 72' lang='grc' dir='ltr'>ι</span> <span class='ocrx_word' id='word_1_166' title='bbox 717 2472 759 2486; x_wconf 84' lang='lat'>-</span> <span class='ocrx_word' id='word_1_167' title='bbox 773 2436 928 2500; x_wconf 88' lang='lat' dir='ltr'><strong>Weberus</strong></span> <span class='ocrx_word' id='word_1_168' title='bbox 940 2434 1084 2513; x_wconf 87' lang='lat' dir='ltr'><strong>similem,</strong></span> <span class='ocrx_word' id='word_1_169' title='bbox 1101 2449 1135 2500; x_wconf 91' lang='lat' dir='ltr'><strong>at</strong></span> <span class='ocrx_word' id='word_1_170' title='bbox 1147 2456 1211 2499; x_wconf 91' lang='lat' dir='ltr'><strong>non</strong></span> <span class='ocrx_word' id='word_1_171' title='bbox 1223 2438 1365 2500; x_wconf 88' lang='lat' dir='ltr'><strong>eamdem</strong></span> <span class='ocrx_word' id='word_1_172' title='bbox 1377 2437 1440 2518; x_wconf 90' lang='lat' dir='ltr'><strong>opi·</strong></span> 
     </span>
     <span class='ocr_line' id='line_1_20' title="bbox 345 2523 1438 2614; baseline -0.002 -18"><span class='ocrx_word' id='word_1_173' title='bbox 345 2523 471 2597; x_wconf 87' lang='lat' dir='ltr'><strong>niouem</strong></span> <span class='ocrx_word' id='word_1_174' title='bbox 479 2533 583 2596; x_wconf 88' lang='lat' dir='ltr'><strong>habet.</strong></span> <span class='ocrx_word' id='word_1_175' title='bbox 596 2533 685 2609; x_wconf 85' lang='lat' dir='ltr'><strong>Cnto,</strong></span> <span class='ocrx_word' id='word_1_176' title='bbox 703 2533 760 2610; x_wconf 88' lang='lat' dir='ltr'><strong>ait,</strong></span> <span class='ocrx_word' id='word_1_177' title='bbox 772 2533 849 2596; x_wconf 81' lang='lat' dir='ltr'><strong>dixit</strong></span> <span class='ocrx_word' id='word_1_178' title='bbox 862 2555 893 2598; x_wconf 86' lang='lat' dir='ltr'><strong>a.</strong></span> <span class='ocrx_word' id='word_1_179' title='bbox 908 2533 983 2614; x_wconf 75' lang='lat'><strong>574,</strong></span> <span class='ocrx_word' id='word_1_180' title='bbox 995 2553 1036 2596; x_wconf 91' lang='lat' dir='ltr'><strong>ne</strong></span> <span class='ocrx_word' id='word_1_181' title='bbox 1046 2533 1097 2597; x_wconf 84' lang='lat' dir='ltr'><strong>lex</strong></span> <span class='ocrx_word' id='word_1_182' title='bbox 1110 2533 1213 2596; x_wconf 71' lang='lat' dir='ltr'><strong>Baebia</strong></span> <span class='ocrx_word' id='word_1_183' title='bbox 1224 2536 1438 2614; x_wconf 86' lang='lat' dir='ltr'><strong>derogaretur,</strong></span> 
     </span>
     <span class='ocr_line' id='line_1_21' title="bbox 344 2627 1441 2714; baseline -0.003 -20"><span class='ocrx_word' id='word_1_184' title='bbox 344 2651 411 2714; x_wconf 80' lang='lat' dir='ltr'><strong>quae</strong></span> <span class='ocrx_word' id='word_1_185' title='bbox 424 2631 554 2694; x_wconf 86' lang='lat' dir='ltr'><strong>alternis</strong></span> <span class='ocrx_word' id='word_1_186' title='bbox 568 2633 660 2696; x_wconf 88' lang='lat' dir='ltr'><strong>annis</strong></span> <span class='ocrx_word' id='word_1_187' title='bbox 682 2645 848 2714; x_wconf 82' lang='lat' dir='ltr'><strong>quaternos</strong></span> <span class='ocrx_word' id='word_1_188' title='bbox 860 2631 990 2714; x_wconf 85' lang='lat' dir='ltr'><strong>jubebat</strong></span> <span class='ocrx_word' id='word_1_189' title='bbox 1003 2643 1154 2714; x_wconf 73' lang='lat' dir='ltr'><strong>pretores</strong></span> <span class='ocrx_word' id='word_1_190' title='bbox 1168 2632 1283 2695; x_wconf 86' lang='lat' dir='ltr'><strong>creari.</strong></span> <span class='ocrx_word' id='word_1_191' title='bbox 1309 2627 1441 2692; x_wconf 81' lang='lat' dir='ltr'><strong>Baebius</strong></span> 
     </span>
     <span class='ocr_line' id='line_1_22' title="bbox 345 2725 1441 2811; baseline -0.003 -21"><span class='ocrx_word' id='word_1_192' title='bbox 345 2731 379 2792; x_wconf 93' lang='lat' dir='ltr'><strong>in</strong></span> <span class='ocrx_word' id='word_1_193' title='bbox 392 2730 510 2792; x_wconf 88' lang='lat' dir='ltr'><strong>Histor.</strong></span> <span class='ocrx_word' id='word_1_194' title='bbox 526 2725 661 2811; x_wconf 86' lang='lat' dir='ltr'><strong>Jurispr.</strong></span> <span class='ocrx_word' id='word_1_195' title='bbox 679 2749 711 2811; x_wconf 92' lang='lat' dir='ltr'><strong>p.</strong></span> <span class='ocrx_word' id='word_1_196' title='bbox 731 2728 805 2806; x_wconf 89' lang='grc'>150,</span> <span class='ocrx_word' id='word_1_197' title='bbox 821 2729 895 2790; x_wconf 91' lang='lat' dir='ltr'><strong>hnic</strong></span> <span class='ocrx_word' id='word_1_198' title='bbox 912 2725 1054 2811; x_wconf 89' lang='lat' dir='ltr'><strong>opinioni</strong></span> <span class='ocrx_word' id='word_1_199' title='bbox 1064 2727 1157 2792; x_wconf 81' lang='lat' dir='ltr'><strong>lavet.</strong></span> <span class='ocrx_word' id='word_1_200' title='bbox 1170 2728 1327 2792; x_wconf 75' lang='lat' dir='ltr'><strong>Ausonius</strong></span> <span class='ocrx_word' id='word_1_201' title='bbox 1340 2739 1441 2789; x_wconf 86' lang='lat' dir='ltr'><strong>antem</strong></span> 
     </span>
     <span class='ocr_line' id='line_1_23' title="bbox 344 2828 1440 2914; baseline -0.004 -22"><span class='ocrx_word' id='word_1_202' title='bbox 344 2832 460 2914; x_wconf 88' lang='lat' dir='ltr'><strong>Popma</strong></span> <span class='ocrx_word' id='word_1_203' title='bbox 473 2832 513 2894; x_wconf 89' lang='lat' dir='ltr'><strong>ad</strong></span> <span class='ocrx_word' id='word_1_204' title='bbox 532 2830 663 2893; x_wconf 85' lang='lat' dir='ltr'><strong>alteram</strong></span> <span class='ocrx_word' id='word_1_205' title='bbox 676 2829 777 2909; x_wconf 86' lang='lat' dir='ltr'><strong>legem</strong></span> <span class='ocrx_word' id='word_1_206' title='bbox 791 2829 926 2892; x_wconf 81' lang='lat' dir='ltr'><strong>Beabiam</strong></span> <span class='ocrx_word' id='word_1_207' title='bbox 940 2829 1061 2903; x_wconf 88' lang='lat' dir='ltr'><strong>retulit,</strong></span> <span class='ocrx_word' id='word_1_208' title='bbox 1076 2847 1168 2910; x_wconf 85' lang='lat' dir='ltr'><strong>qnam</strong></span> <span class='ocrx_word' id='word_1_209' title='bbox 1182 2828 1226 2888; x_wconf 87' lang='lat' dir='ltr'><strong>M.</strong></span> <span class='ocrx_word' id='word_1_210' title='bbox 1239 2828 1356 2889; x_wconf 82' lang='lat' dir='ltr'><strong>Baehins</strong></span> <span class='ocrx_word' id='word_1_211' title='bbox 1370 2847 1440 2890; x_wconf 91' lang='lat' dir='ltr'><strong>con·</strong></span> 
     </span>
     <span class='ocr_line' id='line_1_24' title="bbox 344 2915 1441 3006; baseline -0.005 -16"><span class='ocrx_word' id='word_1_212' title='bbox 344 2930 390 2990; x_wconf 89' lang='lat' dir='ltr'><strong>snl</strong></span> <span class='ocrx_word' id='word_1_213' title='bbox 404 2950 435 2998; x_wconf 82' lang='lat' dir='ltr'><strong>a.</strong></span> <span class='ocrx_word' id='word_1_214' title='bbox 453 2931 515 2993; x_wconf 74' lang='lat'><strong>572</strong></span> <span class='ocrx_word' id='word_1_215' title='bbox 529 2929 568 2992; x_wconf 91' lang='lat' dir='ltr'><strong>de</strong></span> <span class='ocrx_word' id='word_1_216' title='bbox 580 2927 699 2992; x_wconf 88' lang='lat' dir='ltr'><strong>ambitu</strong></span> <span class='ocrx_word' id='word_1_217' title='bbox 714 2929 841 2990; x_wconf 86' lang='lat' dir='ltr'><strong>tulerat.</strong></span> <span class='ocrx_word' id='word_1_218' title='bbox 855 2927 902 2990; x_wconf 82' lang='lat' dir='ltr'><strong>Ex</strong></span> <span class='ocrx_word' id='word_1_219' title='bbox 914 2927 1159 3006; x_wconf 80' lang='lat' dir='ltr'><strong>fragmentorum</strong></span> <span class='ocrx_word' id='word_1_220' title='bbox 1173 2915 1355 3006; x_wconf 84' lang='lat' dir='ltr'><strong>argumento</strong></span> <span class='ocrx_word' id='word_1_221' title='bbox 1365 2920 1441 2986; x_wconf 90' lang='lat' dir='ltr'><strong>nihil</strong></span> 
     </span>
     <span class='ocr_line' id='line_1_25' title="bbox 345 3023 684 3109; baseline -0.009 -20"><span class='ocrx_word' id='word_1_222' title='bbox 345 3025 426 3089; x_wconf 87' lang='lat' dir='ltr'><strong>certi</strong></span> <span class='ocrx_word' id='word_1_223' title='bbox 440 3023 555 3108; x_wconf 82' lang='lat' dir='ltr'><strong>conjici</strong></span> <span class='ocrx_word' id='word_1_224' title='bbox 572 3037 684 3109; x_wconf 81' lang='lat' dir='ltr'><strong>potest.</strong></span> 
     </span>
    </p>

    <p class='ocr_par' dir='ltr' id='par_1_7' title="bbox 387 3109 1443 3202">
     <span class='ocr_line' id='line_1_26' title="bbox 387 3109 1443 3202; baseline -0.008 -18"><span class='ocrx_word' id='word_1_225' title='bbox 387 3123 506 3186; x_wconf 89' lang='lat' dir='ltr'><strong>Nonius</strong></span> <span class='ocrx_word' id='word_1_226' title='bbox 520 3138 553 3202; x_wconf 82' lang='lat' dir='ltr'><strong>p.</strong></span> <span class='ocrx_word' id='word_1_227' title='bbox 569 3121 645 3194; x_wconf 78' lang='lat'><strong>470,</strong></span> <span class='ocrx_word' id='word_1_228' title='bbox 657 3120 718 3182; x_wconf 76' lang='lat'><strong>22:</strong></span> <span class='ocrx_word' id='word_1_229' title='bbox 734 3119 832 3198; x_wconf 78' lang='lat' dir='ltr'><strong>Largi</strong></span> <span class='ocrx_word' id='word_1_230' title='bbox 845 3135 903 3200; x_wconf 84' lang='lat' dir='ltr'><strong>pro</strong></span> <span class='ocrx_word' id='word_1_231' title='bbox 913 3117 1041 3198; x_wconf 86' lang='lat' dir='ltr'><strong>largire.</strong></span> <span class='ocrx_word' id='word_1_232' title='bbox 1058 3118 1136 3183; x_wconf 85' lang='lat' dir='ltr'><strong>Cato</strong></span> <span class='ocrx_word' id='word_1_233' title='bbox 1146 3109 1232 3200; x_wconf 83' lang='lat' dir='ltr'><strong>Lege</strong></span> <span class='ocrx_word' id='word_1_234' title='bbox 1243 3118 1347 3181; x_wconf 83' lang='lat' dir='ltr'><strong>Baebia</strong></span> <span class='ocrx_word' id='word_1_235' title='bbox 1358 3139 1367 3179; x_wconf 73' lang='grc' dir='ltr'>ι</span> <span class='ocrx_word' id='word_1_236' title='bbox 1380 3117 1443 3176; x_wconf 81' lang='lat' dir='ltr'><strong>Pe-</strong></span> 
     </span>
    </p>
   </div>
   <div class='ocr_carea' id='block_1_6' title="bbox 346 3215 1103 3426">
    <p class='ocr_par' dir='ltr' id='par_1_8' title="bbox 346 3215 1103 3426">
     <span class='ocr_line' id='line_1_27' title="bbox 346 3215 716 3295; baseline 0 -19"><span class='ocrx_word' id='word_1_237' title='bbox 346 3221 470 3276; x_wconf 83' lang='lat' dir='ltr'><strong>cuniam</strong></span> <span class='ocrx_word' id='word_1_238' title='bbox 485 3215 638 3295; x_wconf 83' lang='lat' dir='ltr'><strong>inlargibo</strong></span> <span class='ocrx_word' id='word_1_239' title='bbox 650 3216 716 3276; x_wconf 81' lang='lat' dir='ltr'><strong>tibi.</strong></span> 
     </span>
     <span class='ocr_line' id='line_1_28' title="bbox 382 3346 1103 3426; baseline -0.001 -21"><span class='ocrx_word' id='word_1_240' title='bbox 382 3346 534 3424; x_wconf 73' lang='lat' dir='ltr'><strong>Inlargt‘bo]</strong></span> <span class='ocrx_word' id='word_1_241' title='bbox 552 3349 665 3425; x_wconf 71' lang='lat' dir='ltr'><strong>risbergis</strong></span> <span class='ocrx_word' id='word_1_242' title='bbox 677 3363 709 3403; x_wconf 89' lang='lat' dir='ltr'><strong>ut</strong></span> <span class='ocrx_word' id='word_1_243' title='bbox 724 3349 809 3424; x_wconf 76' lang='lat' dir='ltr'><strong>largio</strong></span> <span class='ocrx_word' id='word_1_244' title='bbox 817 3350 925 3424; x_wconf 82' lang='lat' dir='ltr'><strong>antique</strong></span> <span class='ocrx_word' id='word_1_245' title='bbox 937 3371 986 3424; x_wconf 85' lang='lat' dir='ltr'><strong>pro</strong></span> <span class='ocrx_word' id='word_1_246' title='bbox 995 3351 1103 3426; x_wconf 69' lang='lat' dir='ltr'><strong>largior.</strong></span> 
     </span>
    </p>
   </div>
   <div class='ocr_carea' id='block_1_7' title="bbox 346 3471 1476 3765">
    <p class='ocr_par' dir='ltr' id='par_1_9' title="bbox 346 3471 1476 3765">
     <span class='ocr_line' id='line_1_29' title="bbox 387 3471 1476 3560; baseline -0.004 -20"><span class='ocrx_word' id='word_1_247' title='bbox 387 3478 513 3540; x_wconf 80' lang='lat' dir='ltr'><strong>Festus:</strong></span> <span class='ocrx_word' id='word_1_248' title='bbox 529 3477 640 3556; x_wconf 81' lang='lat' dir='ltr'><strong>Rogat,</strong></span> <span class='ocrx_word' id='word_1_249' title='bbox 652 3475 686 3540; x_wconf 89' lang='lat' dir='ltr'><strong>id</strong></span> <span class='ocrx_word' id='word_1_250' title='bbox 698 3487 747 3538; x_wconf 89' lang='lat' dir='ltr'><strong>est</strong></span> <span class='ocrx_word' id='word_1_251' title='bbox 761 3472 897 3538; x_wconf 89' lang='lat' dir='ltr'><strong>consulit</strong></span> <span class='ocrx_word' id='word_1_252' title='bbox 910 3475 1066 3560; x_wconf 83' lang='lat' dir='ltr'><strong>populum,</strong></span> <span class='ocrx_word' id='word_1_253' title='bbox 1088 3475 1140 3538; x_wconf 75' lang='lat' dir='ltr'><strong>rel</strong></span> <span class='ocrx_word' id='word_1_254' title='bbox 1153 3472 1235 3558; x_wconf 82' lang='lat' dir='ltr'><strong>petit</strong></span> <span class='ocrx_word' id='word_1_255' title='bbox 1249 3474 1290 3545; x_wconf 85' lang='lat' dir='ltr'><strong>ab</strong></span> <span class='ocrx_word' id='word_1_256' title='bbox 1302 3496 1352 3550; x_wconf 91' lang='lat' dir='ltr'><strong>eo,</strong></span> <span class='ocrx_word' id='word_1_257' title='bbox 1369 3489 1403 3538; x_wconf 93' lang='lat' dir='ltr'><strong>ut</strong></span> <span class='ocrx_word' id='word_1_258' title='bbox 1415 3477 1444 3536; x_wconf 88' lang='lat' dir='ltr'><strong>id</strong></span> <span class='ocrx_word' id='word_1_259' title='bbox 1473 3471 1476 3476; x_wconf 80' lang='grc'><strong>’</strong></span> 
     </span>
     <span class='ocr_line' id='line_1_30' title="bbox 346 3573 1444 3660; baseline -0.003 -19"><span class='ocrx_word' id='word_1_260' title='bbox 346 3576 471 3656; x_wconf 86' lang='lat' dir='ltr'><strong>sciscat,</strong></span> <span class='ocrx_word' id='word_1_261' title='bbox 489 3579 569 3660; x_wconf 85' lang='lat' dir='ltr'><strong>qnod</strong></span> <span class='ocrx_word' id='word_1_262' title='bbox 578 3577 713 3640; x_wconf 82' lang='lat' dir='ltr'><strong>ierat...</strong></span> <span class='ocrx_word' id='word_1_263' title='bbox 732 3576 810 3640; x_wconf 87' lang='lat' dir='ltr'><strong>Cato</strong></span> <span class='ocrx_word' id='word_1_264' title='bbox 828 3573 863 3640; x_wconf 91' lang='lat' dir='ltr'><strong>in</strong></span> <span class='ocrx_word' id='word_1_265' title='bbox 877 3577 1075 3654; x_wconf 86' lang='lat' dir='ltr'><strong>dissuasione,</strong></span> <span class='ocrx_word' id='word_1_266' title='bbox 1095 3577 1195 3640; x_wconf 84' lang='lat' dir='ltr'><strong>nelex</strong></span> <span class='ocrx_word' id='word_1_267' title='bbox 1207 3575 1444 3657; x_wconf 81' lang='lat' dir='ltr'><strong>Baebiaderoga·</strong></span> 
     </span>
     <span class='ocr_line' id='line_1_31' title="bbox 347 3677 1113 3765; baseline -0.003 -25"><span class='ocrx_word' id='word_1_268' title='bbox 347 3687 447 3754; x_wconf 85' lang='lat' dir='ltr'><strong>retur&#39;,</strong></span> <span class='ocrx_word' id='word_1_269' title='bbox 466 3680 511 3742; x_wconf 84' lang='lat' dir='ltr'><strong>ait</strong></span> <span class='ocrx_word' id='word_1_270' title='bbox 521 3701 538 3765; x_wconf 69' lang='grc' dir='ltr'>ι</span> <span class='ocrx_word' id='word_1_271' title='bbox 547 3678 610 3740; x_wconf 89' lang='lat' dir='ltr'><strong>Hoc</strong></span> <span class='ocrx_word' id='word_1_272' title='bbox 623 3683 723 3758; x_wconf 85' lang='lat' dir='ltr'><strong>potius</strong></span> <span class='ocrx_word' id='word_1_273' title='bbox 738 3699 843 3760; x_wconf 86' lang='lat' dir='ltr'><strong>agam,</strong></span> <span class='ocrx_word' id='word_1_274' title='bbox 862 3677 1002 3764; x_wconf 81' lang='lat' dir='ltr'><strong>quoditie</strong></span> <span class='ocrx_word' id='word_1_275' title='bbox 1016 3692 1113 3762; x_wconf 80' lang='lat' dir='ltr'><strong>rogat.</strong></span> 
     </span>
    </p>
   </div>
   <div class='ocr_carea' id='block_1_8' title="bbox 481 3873 1242 3948">
    <p class='ocr_par' dir='ltr' id='par_1_10' title="bbox 481 3873 1242 3948">
     <span class='ocr_line' id='line_1_32' title="bbox 481 3873 1242 3948; baseline -0.004 -2"><span class='ocrx_word' id='word_1_276' title='bbox 481 3905 484 3911; x_wconf 90' lang='lat'>·</span> <span class='ocrx_word' id='word_1_277' title='bbox 552 3883 615 3946; x_wconf 57' lang='lat' dir='ltr'><strong>tls</strong></span> <span class='ocrx_word' id='word_1_278' title='bbox 628 3902 706 3946; x_wconf 79' lang='lat' dir='ltr'><strong>curo</strong></span> <span class='ocrx_word' id='word_1_279' title='bbox 728 3904 758 3946; x_wconf 84' lang='lat' dir='ltr'><strong>m</strong></span> <span class='ocrx_word' id='word_1_280' title='bbox 782 3873 932 3946; x_wconf 62' lang='lat' dir='ltr'><strong>sutsrosu&#39;</strong></span> <span class='ocrx_word' id='word_1_281' title='bbox 945 3903 976 3944; x_wconf 80' lang='lat' dir='ltr'><strong>nr</strong></span> <span class='ocrx_word' id='word_1_282' title='bbox 1000 3903 1100 3948; x_wconf 78' lang='lat' dir='ltr'><strong>tnesis</strong></span> <span class='ocrx_word' id='word_1_283' title='bbox 1121 3901 1242 3948; x_wconf 83' lang='lat' dir='ltr'><strong>rorum.</strong></span> 
     </span>
    </p>
   </div>
   <div class='ocr_carea' id='block_1_9' title="bbox 349 4069 1446 4256">
    <p class='ocr_par' dir='ltr' id='par_1_11' title="bbox 349 4069 1446 4256">
     <span class='ocr_line' id='line_1_33' title="bbox 392 4069 1445 4158; baseline -0.003 -22"><span class='ocrx_word' id='word_1_284' title='bbox 392 4069 545 4136; x_wconf 81' lang='lat' dir='ltr'><strong>Ausonius</strong></span> <span class='ocrx_word' id='word_1_285' title='bbox 557 4075 673 4157; x_wconf 82' lang='lat' dir='ltr'><strong>Popnta</strong></span> <span class='ocrx_word' id='word_1_286' title='bbox 683 4073 827 4136; x_wconf 85' lang='lat' dir='ltr'><strong>adnotat:</strong></span> <span class='ocrx_word' id='word_1_287' title='bbox 851 4075 946 4158; x_wconf 74' lang='lat' dir='ltr'><strong>«Quae</strong></span> <span class='ocrx_word' id='word_1_288' title='bbox 956 4087 1002 4136; x_wconf 88' lang='lat' dir='ltr'><strong>est</strong></span> <span class='ocrx_word' id='word_1_289' title='bbox 1014 4076 1063 4138; x_wconf 86' lang='lat' dir='ltr'><strong>lex</strong></span> <span class='ocrx_word' id='word_1_290' title='bbox 1074 4073 1325 4157; x_wconf 78' lang='lat' dir='ltr'><strong>populiiopinor</strong></span> <span class='ocrx_word' id='word_1_291' title='bbox 1336 4071 1445 4137; x_wconf 87' lang='lat' dir='ltr'><strong>Porcia</strong></span> 
     </span>
     <span class='ocr_line' id='line_1_34' title="bbox 349 4170 1446 4256; baseline 0 -23"><span class='ocrx_word' id='word_1_292' title='bbox 349 4192 408 4254; x_wconf 87' lang='lat' dir='ltr'><strong>pro</strong></span> <span class='ocrx_word' id='word_1_293' title='bbox 425 4174 575 4255; x_wconf 85' lang='lat' dir='ltr'><strong>scapulis,</strong></span> <span class='ocrx_word' id='word_1_294' title='bbox 599 4179 655 4256; x_wconf 81' lang='lat' dir='ltr'><strong>pro</strong></span> <span class='ocrx_word' id='word_1_295' title='bbox 676 4187 762 4254; x_wconf 87' lang='lat' dir='ltr'><strong>tergo</strong></span> <span class='ocrx_word' id='word_1_296' title='bbox 794 4170 907 4238; x_wconf 89' lang='lat' dir='ltr'><strong>civium</strong></span> <span class='ocrx_word' id='word_1_297' title='bbox 925 4175 1026 4238; x_wconf 82' lang='lat' dir='ltr'><strong>lata.»</strong></span> <span class='ocrx_word' id='word_1_298' title='bbox 1053 4175 1216 4241; x_wconf 89' lang='lat' dir='ltr'><strong>Consentit</strong></span> <span class='ocrx_word' id='word_1_299' title='bbox 1242 4188 1312 4236; x_wconf 90' lang='lat' dir='ltr'><strong>oum</strong></span> <span class='ocrx_word' id='word_1_300' title='bbox 1333 4177 1446 4254; x_wconf 85' lang='lat' dir='ltr'><strong>Popme</strong></span> 
     </span>
    </p>
   </div>
   <div class='ocr_carea' id='block_1_10' title="bbox 0 0 1627 5316">
    <p class='ocr_par' dir='ltr' id='par_1_12' title="bbox 0 0 1627 5316">
     <span class='ocr_line' id='line_1_35' title="bbox 0 0 1627 5316; baseline 0 0"><span class='ocrx_word' id='word_1_301' title='bbox 0 0 1627 5316; x_wconf 95' lang='lat' dir='ltr'><strong> </strong></span> 
     </span>
    </p>
   </div>
  </div>
 </body>
</html>
