3218 5320
915 468 985 542 322

374 616 463 668 stura
479 623 540 666 non
555 622 675 675 vereor,
694 623 733 668 ue
754 601 911 668 infelicior
925 599 1056 681 Mureti,
1079 601 1178 684 Lipsii
1192 618 1225 668 et
1237 601 1497 670 Schnrzlleischii

360 704 609 790 ¹opinationibus
623 717 824 771 censeatur.»
846 708 888 766 At
902 705 1022 769 Seneca
1038 703 1135 765 tradit
1148 705 1279 768 Calvum
1284 727 1342 784 pro
1356 709 1497 783 Messio,
1606 745 1607 750 κ

303 771 325 838 ⁰
359 860 362 892 3
376 823 439 864 non
449 808 479 860 ιἰι
491 802 645 862 Messium
657 803 785 874 dixisse,
797 802 842 862 ita
855 814 890 862 nt
898 798 1092 880 Weiohertii
1102 801 1285 883 conjectura
1298 805 1404 866 minus
1415 825 1497 888 pro·
1606 851 1607 860 ι

372 900 486 964 habilis
499 923 568 965 esse
583 901 741 968 videatur.
763 901 899 966 Orellins
914 901 949 966 in
964 898 1123 966 Addendis
1138 904 1178 964 ad
1191 904 1316 983 Dialog.
1335 906 1376 968 de
1389 919 1493 968 oratt.
1606 917 1607 922 ’

372 1019 445 1082 pag.
462 1019 546 1062 nxrn
555 1020 611 1084 pro
622 1001 765 1060 Asitium
774 1001 938 1080 legendnm
952 1013 1042 1084 putat
1053 1020 1124 1062 cntn
1133 1003 1254 1063 Murato
1266 1003 1443 1078 Ascitium,
1456 1017 1491 1065 ut

369 1095 404 1158 in
417 1095 484 1160 Cic.
497 1097 560 1161 Pro
571 1097 665 1161 cotio
679 1120 708 1162 c.
722 1097 761 1160 to
772 1098 897 1180 legitur.

766 1314 880 1358 olivus
894 1314 951 1358 nno
967 1313 1085 1358 unssto.

1604 1295 1607 1490 l

414 1488 534 1549 Seneca
546 1488 695 1546 Controv.
709 1485 771 1556 lll,
786 1487 843 1549 to:
859 1483 1051 1566 Compositio
1066 1503 1186 1566 quoque
1197 1483 1287 1544 Calvi
1302 1485 1337 1545 in
1352 1483 1491 1547 actioni·
1606 1523 1607 1554 3

372 1581 431 1644 bns
441 1585 479 1644 ad
490 1582 668 1663 exemplum
678 1581 895 1643 Demosthenis
904 1578 998 1660 riget,
1014 1576 1093 1643 nihil
1108 1580 1141 1640 in
1156 1577 1210 1641 illa
1224 1577 1397 1661 placidum.
1407 1582 1491 1642 nihil

372 1684 442 1744 lene
457 1694 516 1749 est,
533 1676 639 1740 omnia
659 1691 691 1740 et
711 1676 806 1740 citata
826 1690 859 1738 et
878 1674 1074 1739 fluctuantia.
1100 1677 1159 1738 Hic
1173 1689 1279 1738 tamen
1295 1682 1329 1735 in
1343 1679 1488 1757 epilogo,
1606 1663 1607 1740 l

370 1798 461 1862 prtem
473 1797 532 1854 pro
545 1776 680 1847 Messio,
692 1789 761 1832 tunc
775 1779 865 1834 tertio
876 1795 1003 1834 cansam
1016 1774 1147 1848 dicente,
1160 1773 1277 1846 Ιιαὶιιιίι,
1287 1794 1350 1834 ιιοιι
1362 1786 1488 1836 tantum
1606 1763 1607 1826 l

370 1879 486 1940 leniter
506 1876 680 1959 componit,
703 1875 758 1937 sed
779 1875 873 1936 etiam
895 1873 990 1936 dicit:
1007 1873 1133 1956 Credite
1149 1871 1244 1944 mitt,
1260 1896 1321 1934 non
1334 1889 1387 1934 est
1398 1877 1489 1953 t'utpe

372 1977 527 2046 misereri,
543 1985 575 2033 et
587 1971 691 2034 omnia
703 1971 737 2033 in
749 1967 803 2032 illo
815 1955 937 2052 epilogo
951 1969 1017 2032 lere
1031 1988 1095 2032 non
1110 1983 1231 2034 tantum
1243 1967 1395 2036 emollitae'
1402 1993 1487 2036 com·

356 2063 532 2152 'positionis
544 2082 627 2141 sunt,
641 2068 696 2128 sed
704 2065 859 2128 infractae.

412 2171 540 2232 Messius
560 2169 627 2230 sine
641 2166 736 2228 dubio
750 2167 787 2230 C.
802 2168 930 2230 Messius
952 2165 1097 2228 uihunus
1118 2167 1164 2250 pl.
1182 2181 1231 2231 est
1250 2187 1334 2231 enno
1347 2169 1392 2234 U.
1408 2171 1484 2241 696,

359 2253 361 2260 ’
376 2273 428 2354 qni
440 2271 481 2334 ob
492 2269 686 2350 rogationem
699 2269 737 2329 de
749 2270 926 2330 revocando
937 2269 1038 2330 Tullio
1051 2265 1279 2352 promulgatam
1291 2263 1442 2332 landatur
1453 2267 1485 2332 in

371 2369 463 2434 Orat.
478 2379 548 2450 post
564 2367 632 2427 rod.
645 2365 678 2426 in
694 2383 761 2425 seu.
776 2383 804 2424 c.
819 2365 849 2425 8.
878 2363 947 2426 Fuit
968 2377 1001 2426 et
1020 2363 1072 2428 hic
1092 2367 1232 2448 Pompeii
1247 2359 1424 2438 familiaris,
1450 2379 1484 2426 nt

358 2458 502 2552 'apparet
514 2465 630 2530 exCic.
644 2467 700 2547 Ep.
715 2465 754 2525 ad
766 2467 833 2526 Att.
845 2485 917 2539 vin,
931 2467 982 2526 11.
999 2467 1479 2548 HtecWeiclrertl.l.pag.112.

368 2566 506 2628 Ellendt.
526 2574 628 2626 antem
649 2561 754 2623 Messii
769 2580 894 2622 causam
910 2564 1050 2647 eamdem
1064 2583 1132 2626 esee
1146 2564 1239 2640 dicit,
1270 2584 1363 2644 qnam
1387 2561 1481 2627 etiam

358 2663 481 2726 ¹(licere
495 2661 669 2724 detenderit
683 2661 722 2721 ad
736 2674 902 2742 pretorem
916 2662 953 2723 Ρ.
967 2659 1142 2724 lsaurioum
1156 2683 1240 2724 enno
1254 2662 1329 2726 699.
1347 2654 1424 2748 (Ep.
1443 2665 1481 2726 nd

368 2763 614 2848 Attic.lV‚15.)

733 2933 845 2978 oututo
861 2935 918 2978 PRO
932 2937 962 2978 C·
976 2937 1104 2980 CATONE·

408 3107 578 3195 inscriptio
598 3125 701 3175 exstat
722 3111 804 3193 apud
823 3109 934 3172 Senec.
951 3108 1103 3174 Controi.
1124 3111 1180 3185 tv,
1200 3111 1261 3174 19=
1277 3107 1393 3172 Calvus
1408 3125 1475 3172 cunr

365 3216 499 3285 ¹videret,
512 3230 530 3271 a
544 3207 712 3272 clientibus
721 3209 863 3280 Critonis,
874 3205 920 3268 rei
932 3206 992 3282 sui,
1005 3207 1177 3270 Pollionem
1188 3209 1330 3270 Asinium
1344 3209 1476 3272 circurn-

365 3324 493 3374 ventum
508 3311 541 3370 in
552 3307 618 3370 loro
629 3305 769 3384 Caesaris,
783 3306 902 3389 imponi
913 3325 946 3368 se
958 3327 1052 3388 snpra
1065 3307 1189 3390 cippum
1197 3307 1287 3390 jussit
1298 3305 1380 3388 (erat
1391 3309 1473 3371 eninr

368 3411 517 3492 parvulus
531 3413 661 3481 statura,
669 3419 799 3488 propter
809 3408 892 3487 quod
903 3403 997 3467 etiam
1006 3404 1145 3468 Catullus
1158 3405 1192 3471 in
1203 3408 1473 3490 hendecasyllabis

367 3523 461 3574 vocat
474 3509 563 3570 illum
574 3505 765 3587 salaputium
780 3502 940 3586 disertum)
954 3517 986 3566 et
1003 3503 1137 3586 juravit,
1162 3508 1188 3568 si
1212 3525 1302 3587 quam
1325 3504 1474 3588 injuriam

364 3611 441 3674 Gato
452 3609 586 3672 Pollioni
598 3607 707 3670 llsinio
723 3596 897 3668 accusatori
912 3625 968 3669 suo
980 3605 1114 3677 lerinam,
1126 3627 1159 3669 se
1166 3608 1201 3669 in
1213 3628 1282 3670 eum
1292 3607 1473 3688 juraturum

361 3704 563 3780 columniam,
592 3723 651 3767 nec
673 3723 808 3784 unquam
827 3715 935 3784 postea
956 3700 1056 3766 Pollio
1078 3723 1097 3764 a
1116 3701 1239 3766 Catone
1251 3707 1472 3788 advocatisque

358 3803 430 3885 ejus
442 3818 494 3866 ant
505 3823 541 3866 ra
552 3815 606 3865 aut
616 3799 715 3863 verbo
725 3800 858 3861 violatus
869 3811 928 3862 est.

360 3949 364 3958 ·
382 3943 386 3952 ’
398 3925 496 3979 Oratio
502 3935 554 3997 pto
567 3923 599 3978 C.
615 3908 723 3988 Calene]
741 3923 772 3974 C.
783 3921 920 3984 Catonem,
941 3923 978 3972 Μ.
989 3921 1099 3973 Catonis
1111 3921 1232 3986 affinem,
1247 3921 1352 3975 nullius
1363 3923 1473 3976 consilii

358 4045 369 4052 -ι
400 4044 403 4052 ,
435 4007 637 4073 adolescentem,
645 4008 755 4062 Asinius
766 4005 852 4059 Pollio
865 4008 898 4058 ti
912 4015 996 4058 annos
1009 4018 1089 4058 natus
1102 4005 1204 4078 duplici
1219 4008 1322 4062 actione
1336 4008 1368 4060 de
1382 4009 1471 4061 tribu—

261 4061 333 4138 205
358 4133 363 4142 ·
410 4125 413 4135 ι
430 4103 495 4152 nain
507 4096 654 4168 postulavit
672 4113 697 4148 tr.
713 4097 747 4148 U.
762 4097 825 4157 699,
846 4108 877 4146 nt
896 4095 1016 4164 ΙιιοΙιιιιίι
1027 4091 1183 4146 Thorloeole
1200 4095 1229 4146 in
1241 4084 1419 4150 ¹Gomnrentut.
1437 4097 1472 4148 de

359 4248 363 4260 Ι
377 4223 386 4251 ,-
402 4242 406 4254 ,
427 4185 525 4241 Asinio
532 4182 653 4242 Pollione
662 4201 690 4253 p.
702 4184 736 4234 56
749 4199 805 4250 sqq.
818 4180 881 4234 Vid.
892 4179 962 4242 nat.
971 4179 1091 4235 deoratt.
1102 4198 1127 4234 o.
1139 4181 1183 4233 ot.

392 4296 570 4367 Sulopntt'ttm]
580 4293 650 4344 conis
660 4290 807 4344 Weiclmrt.
819 4289 849 4344 iu
858 4289 927 4344 libro
935 4290 968 4342 de
977 4288 1071 4342 Calvo.
