3246 5340
691 485 759 554 319

413 753 612 824 LXXXIII.
641 752 682 825 C.
702 752 868 826 Licinius
885 753 1034 827 Calvus.

533 871 712 972 [Ellendt.
726 898 763 971 p.
778 873 921 974 83-89.]

215 1101 328 1166 Calvus
339 1097 420 1162 lilius
431 1099 488 1162 luit
498 1099 534 1160 C.
548 1096 664 1162 Licinii
675 1101 785 1175 Macri,
796 1103 835 1164 de
846 1123 905 1186 qno
916 1103 1164 1186 supradiximus.

216 1198 284 1262 Cic.
303 1199 391 1260 Brut.
413 1217 442 1259 c.
455 1197 509 1272 82,
528 1197 608 1260 283:
625 1197 739 1260 Calvus
752 1212 859 1262 orator
887 1201 995 1271 luisset
1009 1221 1081 1290 cum
1093 1203 1194 1266 literis
1207 1223 1277 1268 eru·

175 1300 271 1363 ditior
286 1318 378 1380 quam
392 1297 488 1360 Curio
502 1295 547 1381 (i.
566 1318 595 1360 e.
616 1297 712 1360 Curio
731 1297 767 1386 C.
788 1285 893 1386 filius),
915 1303 1089 1366 tumetium
1104 1303 1280 1368 accuratius

176 1400 327 1481 quoddam
339 1395 465 1458 dicendi
478 1407 510 1458 et
520 1395 700 1478 exquisitius
712 1395 861 1460 afferebat
875 1419 989 1482 genus:
1002 1403 1083 1482 quod
1093 1422 1280 1484 quamquam

173 1493 311 1559 scienter
325 1493 544 1574 eleganterque
559 1493 728 1567 tractabat,
746 1492 879 1558 nimium
893 1510 998 1560 tamen
1013 1497 1174 1580 inquirens
1194 1501 1228 1562 in
1248 1522 1281 1564 se

174 1607 267 1676 atque
289 1591 355 1674 ipse
374 1609 441 1654 sese
461 1590 630 1654 observans
652 1602 866 1674 metuensque,
889 1614 929 1656 ne
943 1592 1088 1658 vitiosum
1106 1598 1279 1678 colligeret,

174 1693 393 1756 etiamverum
415 1686 597 1768 sanguinem
619 1689 821 1772 deperdebat.
846 1692 953 1774 Itaque
976 1693 1042 1776 ejus
1061 1694 1162 1758 oratio
1184 1693 1282 1758 nimia

173 1789 324 1869 religione
343 1785 501 1850 attenuata
522 1786 623 1849 doctis
644 1798 677 1849 et
698 1799 816 1850 attente
835 1790 1033 1856 audientibus
1051 1805 1120 1854 erat
1136 1793 1278 1869 illustris,
1367 1834 1372 1846 »

171 1915 191 1953 a
212 1887 410 1954 multitudine
432 1901 535 1950 autem
555 1901 586 1950 et
606 1907 625 1948 a
644 1887 723 1963 loro,
744 1885 795 1951 cui
817 1902 891 1952 nata
911 1889 1091 1974 eloquentia
1111 1906 1170 1967 est,
1192 1895 1283 1957 devo-

175 1989 320 2054 rabatur.

218 2083 353 2168 Quintil.
364 2081 405 2158 X,
420 2083 451 2160 1,
468 2079 525 2144 115
538 2103 546 2144 t
563 2081 693 2157 Inveni,
711 2081 764 2164 qui
778 2081 908 2146 Calvum
923 2086 1109 2168 praeferrent
1124 2088 1280 2165 omnihus,

174 2181 292 2261 inveni,
307 2184 359 2266 qui
371 2183 517 2246 Ciceroni
532 2185 708 2258 crederent,
727 2204 799 2246 eum
822 2181 921 2249 nimia
941 2199 1054 2250 contra
1074 2209 1107 2250 se
1127 2188 1283 2254 calumnia

177 2305 287 2348 verum
299 2285 480 2366 sanguinem
495 2279 676 2366 perdidisse.
702 2283 764 2348 Sed
779 2297 827 2346 est
841 2299 873 2346 et
886 2301 997 2348 sancta
1011 2300 1043 2349 et
1057 2286 1163 2367 gravis
1183 2292 1284 2352 oratio

174 2395 206 2446 et
219 2384 374 2446 custodita
388 2395 420 2446 et
434 2383 615 2466 frequenter
628 2381 793 2446 vehemens
807 2405 937 2468 quoque.
956 2384 1102 2452 Imitatur
1118 2402 1220 2452 autem
1236 2404 1284 2454 est

175 2479 360 2558 Atticorum,
374 2479 507 2563 lecitque
517 2478 565 2541 illi
577 2491 746 2562 properata
759 2499 843 2544 mors
856 2481 1015 2566 injuriam,
1028 2485 1054 2548 si
1065 2483 1139 2568 quid
1150 2485 1284 2572 adjectu·

176 2601 231 2645 rus
242 2581 315 2656 sibi,
326 2602 389 2645 non
401 2581 512 2664 siquid
523 2579 722 2642 detracturus
733 2579 803 2641 brit.

219 2683 302 2744 Dial.
319 2683 358 2744 de
372 2693 466 2745 oratt.
483 2702 512 2744 c.
527 2679 585 2742 18:
602 2679 714 2744 Calvus
732 2677 880 2743 Ciceroni
900 2683 984 2744 visus
1003 2698 1050 2747 est
1068 2683 1232 2765 exsanguis
1252 2698 1284 2748 et

178 2781 316 2840 attritus.

538 2956 700 3000 ottartottns
713 2959 743 3000 IN
758 2957 915 3001 varinium.

219 3155 343 3240 Dialog.
363 3159 403 3220 de
424 3169 518 3223 oratt.
541 3177 572 3220 c.
590 3155 650 3231 342
672 3156 781 3219 Altero
808 3169 841 3219 et
865 3143 1015 3220 vicesimo
1035 3159 1162 3220 Asinius
1182 3156 1283 3222 Pollio

142 3319 145 3324 ,
176 3256 214 3321 C.
237 3253 407 3328 Catonem,
437 3273 501 3317 non
529 3253 627 3318 multo
654 3265 745 3316 etate
775 3255 965 3317 antecedens
991 3253 1107 3318 Calvus
1125 3256 1286 3336 Vatinium

174 3343 423 3416 iis'orationibns
444 3349 580 3414 insecuti
599 3364 691 3426 sunt,
713 3371 789 3434 quas
809 3349 964 3434 hodieque
985 3373 1056 3416 curn
1079 3350 1286 3418 admiratione

176 3453 316 3534 legbnns.

218 3615 367 3679 Vannium]
380 3610 413 3664 ‹le
426 3611 526 3663 ambitu
540 3627 615 3662 reum
627 3610 691 3663 fecit
703 3629 726 3663 a.
739 3611 773 3662 U.
783 3609 846 3672 698,
861 3609 1048 3663 utWeicbert.
1062 3611 1090 3662 in
1103 3607 1219 3681 eleganti
1230 3609 1286 3664 dis·

248 3696 391 3750 certatione
400 3694 433 3746 de
441 3693 523 3746 Calvo
531 3692 631 3764 (Reliq.
639 3692 844 3765 poetar.)p.109
852 3692 1050 3746 demonstravit.
1061 3693 1153 3760 Quum
1162 3709 1186 3744 a.
1193 3694 1227 3745 U.
1234 3693 1283 3748 ttt

254 3790 333 3832 nutus
344 3789 426 3840 esset,
438 3776 550 3848 septimo
561 3787 589 3828 et
599 3775 726 3847 vigesimo
739 3774 823 3828 anm
836 3794 908 3830 anno
919 3775 994 3852 illam
1006 3792 1115 3828 causam
1127 3774 1213 3848 egisse
1226 3795 1287 3830 eum

250 3871 364 3914 constat.
381 3857 483 3912 Eodem
499 3857 542 3911 die
559 3857 667 3929 genitus
680 3869 722 3910 est
734 3855 834 3910 Calvus
850 3877 912 3911 cum
924 3860 963 3911 n.
974 3855 1060 3911 Coelio
1073 3857 1156 3920 Rufo,
1173 3871 1286 3924 oratore,

255 3957 287 3997 ut
302 3944 374 3998 Plin.
389 3943 455 3996 dicit
469 3941 506 3996 II.
522 3943 556 3994 N.
569 3943 629 4006 VII,
646 3943 679 3996 tt
689 3941 771 4013 (conf.
787 3940 899 3995 Ruhnk.
914 3941 947 3994 ad
957 3941 1054 3995 Vellei.
1065 3942 1101 4006 II,
1112 3943 1157 4007 68,
1171 3961 1199 4015 p.
1212 3945 1285 4014 29¹1),

256 4028 580 4084 etScltol.An1bros.Gic.
593 4028 622 4082 in
632 4028 771 4082 Vatinium
783 4029 824 4092 13,
837 4031 863 4082 3.
879 4027 996 4084 Ellendt.
1011 4029 1054 4082 bis
1059 4029 1092 4082 ab
1101 4029 1194 4088 eodem
1205 4029 1288 4084 Calvo

251 4116 389 4170 Vatinium
407 4113 573 4188 postulatum
591 4127 685 4185 putat,
707 4114 871 4186 primamque
895 4116 1029 4168 actionum
1049 4115 1186 4174 annosos
1205 4115 1288 4168 luisse
1356 4123 1361 4160 ἴ

249 4197 408 4270 majestatis,
428 4217 534 4252 rursum
553 4209 705 4252 accusatum
724 4215 783 4251 esse
802 4197 835 4253 de
854 4197 954 4250 ambitu
968 4217 992 4251 u.
1004 4200 1055 4253 699
1070 4211 1098 4252 et
1114 4198 1255 4252 defensum
1271 4219 1287 4251 a

249 4283 376 4338 Cicerone
392 4295 484 4356 rogatu
503 4284 637 4356 Pompeii;
658 4282 800 4338 secundam
819 4283 901 4357 igitur
919 4284 949 4338 iu
963 4282 1102 4341 Vatinium
1120 4285 1283 4350 orationem,
