3212 5326
878 404 925 476 92

386 539 560 608 Orationes
570 541 637 624 ejus
650 541 731 602 haud
746 541 849 604 multae
865 540 1186 605 commemorantum.
1205 535 1259 626 [V.
1276 539 1315 602 lr.
1333 559 1365 622 p.
1391 541 1453 603 205

351 637 437 729 sqq.‘]
457 645 495 702 ln
514 639 655 702 maximis
665 652 769 700 tamen
783 658 853 702 oum
872 637 1026 702 Cicerone
1038 649 1071 700 et
1085 635 1373 702 Hortensio-causis
1383 647 1454 720 rer·

351 753 437 802 satus
456 751 514 815 est,
538 750 578 812 et⁴
591 736 701 810 orbum
723 735 916 818 eloquentia,
940 735 1062 798 Caesare
1082 735 1246 809 dictatore,
1269 735 1369 799 lorum
1389 735 1458 816 ejus

351 838 609 924 praecipuecausa
618 839 652 900 in
664 841 761 901 Bruto
772 837 903 900 defletur
915 859 944 900 o.
955 839 1007 901 91.
1022 839 1072 900 ¹En
1086 837 1311 901 declamatione
1323 839 1456 918 quadam

351 941 440 1006 Bruti
454 959 521 1002 esse
535 939 591 1002 illa
604 941 643 1000 de
650 940 797 1018 Pompeii
809 941 958 1000 dotatum
974 960 1025 1022 ap.
1041 939 1271 1022 Quintilianum
1285 939 1341 1012 lll,
1355 939 1387 1012 3,
1401 942 1453 1012 9⁵,

351 1041 546 1124 Spaldingius
560 1041 691 1113 censuit,
705 1042 785 1121 quod
799 1040 871 1104 huic
886 1041 1010 1120 negotio
1021 1042 1135 1102 Brutus
1149 1059 1250 1120 neque
1263 1040 1455 1117 interfuerit,

351 1159 452 1220 nerpue
466 1135 591 1222 publice
607 1139 649 1200 sit
662 1140 852 1204 adversatus.
878 1138 1038 1211 Laudatio,
1055 1157 1145 1218 quatu
1160 1139 1296 1220 scripsit,
1312 1137 1453 1212 Catonis,

351 1262 371 1307 a
392 1240 514 1324 Caesare
534 1240 671 1323 ejusdem
692 1238 868 1319 argumenti
888 1239 1006 1311 libello,
1024 1240 1077 1320 qui
1090 1240 1275 1304 Ciceronem
1297 1252 1457 1307 aucmrem

351 1341 470 1416 habuit,
485 1341 671 1423 postpositus
684 1354 748 1419 est3
765 1341 846 1422 quod
864 1340 898 1401 in
909 1337 978 1402 Cic.
990 1343 1069 1421 Epp.
1082 1341 1301 1415 contextu,
1314 1340 1367 1417 44,
1384 1341 1464 1420 legi-1

350 1458 430 1502 mus.
448 1438 496 1500 De
513 1437 604 1500 libris
619 1439 657 1499 ad
669 1433 892 1519 philosophiam
907 1436 1121 1518 spectantibus
1136 1437 1217 1500 conl.
1232 1439 1401 1500 Burmann.
1418 1441 1457 1500 ad

352 1539 444 1604 Orid.
460 1540 508 1600 Ex
522 1539 624 1622 Ponto
639 1540 666 1612 l,
682 1539 712 1612 l,
729 1537 782 1600 24.
806 1538 886 1602 Sunt
897 1536 980 1599 liber
994 1539 1042 1598 De
1057 1537 1188 1611 virtute,
1209 1539 1257 1600 De
1274 1536 1385 1605 officiis
1404 1559 1454 1622 ap.

352 1639 476 1732 Charis.
490 1639 515 1713 l,
528 1659 560 1720 p.
573 1641 626 1711 85,
640 1639 741 1703 Prisc.
750 1639 806 1714 Vl,
820 1661 852 1722 p.
866 1641 940 1712 019,
953 1638 1007 1720 qui
1018 1637 1100 1699 liber
1112 1640 1146 1701 in
1159 1637 1322 1704 Ciceronis
1339 1642 1460 1702 aemula·

353 1739 471 1800 tionem
480 1738 613 1819 scriptus
621 1751 683 1813 est3
695 1741 743 1800 De
751 1738 915 1820 patientia,
924 1757 974 1819 ap.
985 1737 1127 1799 Diomed.
1137 1739 1165 1813 I,
1175 1758 1206 1820 p.
1217 1737 1290 1800 318.
1303 1739 1458 1801 Praeterea

354 1838 499 1922 Epistolae
512 1850 796 1902 commemorantur
805 1837 950 1900 Diomedi
966 1840 993 1910 l,
1012 1837 1133 1918 p.·383,
1150 1837 1250 1900 Prisc.
1264 1837 1319 1913 IX,
1338 1858 1371 1920 p.
1384 1837 1455 1912 863',

355 1951 388 2000 et
401 1939 441 1999 ad
453 1937 605 2002 cesarem
620 1937 742 2020 quidem
755 1937 896 2002 Charisia
912 1940 957 2010 ll,
970 1957 1002 2020 p.
1021 1937 1092 1999 105.
1110 1939 1226 2000 Versus
1248 1939 1338 2000 Bruti
1358 1933 1459 2000 Plinio

353 2033 463 2098 lascivi
484 2033 561 2096 dicti
580 2047 667 2113 sunt;
685 2034 887 2116 reprehendit
899 2053 952 2096 eos
966 2047 1076 2095 auctor
1089 2033 1172 2096 Dial.
1189 2033 1229 2094 de
1242 2046 1338 2096 orutt.
1355 2055 1385 2097 c.
1403 2032 1455 2108 2'1,

355 2145 388 2196 et
406 2133 532 2208 Statius,
554 2132 644 2215 Sylv.
661 2131 717 2206 tx,
740 2131 792 2206 20,
817 2131 891 2192 satis
911 2129 1043 2213 superbe
1064 2130 1263 2193 oscitationes
1279 2131 1376 2194 'Bruti
1396 2131 1460 2214 ipse

356 2231 515 2292 somnians
533 2229 679 2312 appellet.

377 2333 453 2394 168.
477 2333 604 2404 Eorum,
620 2329 673 2408 qni
686 2328 909 2412 rempublicam
923 2329 1066 2402 liberam,
1083 2347 1146 2391 nou
1161 2327 1327 2401 vidissent,
1345 2329 1399 2390 sed
1417 2340 1461 2390 at·

289 2481 292 2490 .
358 2431 512 2510 tigissent,
524 2430 682 2492 neminem
693 2428 884 2510 preteritum
902 2429 1051 2504 arbitror,
1064 2430 1202 2511 exeeptis
1215 2429 1250 2488 C.
1264 2429 1378 2490 Asinio
1388 2429 1460 2489 Pol-

359 2532 440 2590 lione
454 2543 486 2592 et
499 2532 547 2593 M.
559 2529 687 2593 Valerio
698 2529 837 2590 Messala
851 2529 990 2592 Corvino.
1007 2531 1048 2591 Et
1061 2531 1099 2591 de
1111 2527 1251 2592 Pollione
1260 2531 1384 2610 quidem
1394 2520 1462 2612 post

360 2631 588 2696 Thorbecltium
604 2629 703 2714 (eujus
717 2631 925 2712 copiosissima
940 2628 1118 2693 dissertatio
1130 2632 1228 2710 Lugd.
1243 2633 1320 2694 Bat.
1334 2651 1364 2692 a.
1381 2619 1462 2692 1020

360 2731 395 2792 in
408 2731 509 2794 lucem
522 2729 615 2814 edita)
630 2731 798 2814 disputare,
817 2731 868 2793 vel
882 2730 1014 2794 otiosum
1028 2743 1117 2803 esset,
1131 2730 1184 2792 rel
1197 2730 1299 2810 siqua
1313 2721 1462 2791 notabilia

361 2829 554 2922 riderentur,
573 2847 636 2890 nou
650 2828 712 2892 loci
725 2826 816 2909 hujus
830 2847 929 2910 neque
944 2827 1076 2893 consilii.
1095 2827 1157 2888 Sed
1170 2827 1210 2888 de
1221 2827 1364 2888 Messala
1377 2828 1465 2888 adda·

362 2948 431 2990 mus
443 2929 555 3009 aliqua,
579 2929 726 3008 quoniam
741 2928 768 2988 is
785 2941 927 2991 veterum
946 2939 1104 2988 oratorum
1125 2925 1212 3006 quasi
1234 2918 1345 3004 agmen
1362 2926 1462 3006 eogit;
1584 2975 1585 2990 .

348 3031 475 3108 dignus
486 3031 548 3104 vir,
566 3031 617 3091 eni
629 3042 702 3090 aetas
716 3027 787 3102 alia,
802 3047 903 3108 neque
917 3027 1086 3088 necessitas
1100 3026 1276 3105 obtigisset,
1293 3026 1471 3089 minoribus
1584 3085 1585 3088 ,

363 3127 504 3207 parendi.
528 3125 644 3189 Omnes
662 3123 798 3186 Messalas
817 3143 885 3196 res,
904 3124 958 3184 sed
972 3123 1084 3186 leviter
1099 3121 1248 3185 tractavit
1267 3114 1350 3208 [post
1364 3121 1465 3184 Molle·

363 3245 445 3299 rum,
461 3225 548 3304 Disp.
568 3225 606 3284 de
622 3225 664 3284 Μ.
677 3219 747 3288 Val.
762 3223 859 3306 Cure.
871 3222 1110 3297 Mese-bluorfii,
1127 3225 1219 3298 1689,
1234 3217 1270 3310 l]
1280 3223 1461 3302 busignies,

366 3323 453 3404 cujus
465 3322 589 3384 libellus
602 3323 737 3386 insertus
750 3336 798 3386 est
812 3321 956 3386 llistoriae
970 3326 1068 3386 head.
1085 3343 1152 3404 reg.
1169 3325 1282 3388 Franc.
1300 3310 1422 3386 inscru-
1435 3335 1466 3385 et

364 3419 427 3482 litt.
442 3421 543 3500 elegg.
557 3420 707 3482 volumini
722 3422 872 3494 XXXlV,
890 3441 921 3503 p.
941 3424 1082 3502 ott-sqq„
1104 3436 1137 3484 et
1149 3421 1270 3484 Hallius
1286 3416 1360 3502 (van
1377 3420 1464 3506 Holl)

366 3519 454 3604 cujus
467 3518 630 3595 libellum,
657 3520 776 3581 Batava
801 3519 908 3596 lingue
931 3519 1152 3604 Amstelodami
1173 3540 1203 3582 a.
1226 3517 1463 3604 1818'editum,

366 3620 507 3684 nancisci
521 3619 762 3702 nonpotuimus.
783 3618 938 3681 Nonnulla
952 3619 1046 3682 etiam
1061 3627 1302 3689 commemoratu
1316 3619 1409 3700 digna
1424 3629 1466 3680 at-

366 3718 506 3779 tulerunt
516 3719 641 3782 Vossius
652 3719 699 3779 De
712 3716 785 3779 hist.
797 3719 869 3779 Lat.
881 3737 912 3798 p.
928 3719 980 3792 81,
996 3715 1208 3800 Glaudorpius
1225 3717 1259 3778 in
1270 3715 1466 3780 Onomastico

367 3837 394 3878 s.
407 3838 455 3892 n.,
473 3819 682 3882 Broukhusius
704 3820 743 3880 ad
759 3817 873 3888 Tibull.
893 3818 918 3893 l,
941 3818 972 3894 3,
989 3819 1148 3882 Johannes
1167 3817 1322 3880 llenricus
1332 3817 1464 3890 Vossius,

371 3919 418 3981 vir
431 3921 695 4004 incomparabilis,
713 3923 753 3983 ad
763 3919 874 3998 Virgil.
889 3919 955 3982 Ecl.
966 3921 1020 3993 Vl,
1042 3933 1074 3982 et
1090 3918 1290 3994 Heindorfius
1304 3921 1344 3981 ad
1358 3923 1465 3982 Horat.

370 4015 514 4080 Sermon.
529 4020 557 4090 l,
571 4019 620 4094 10,
634 4015 686 4081 28.
709 4019 773 4080 llas
790 4016 894 4098 copias
907 4037 926 4080 a
941 4017 1097 4080 nonnullis
1113 4037 1189 4080 sune
1201 4013 1343 4099 partibus
1358 4033 1467 4098 augere

333 4171 337 4184 ‚
368 4113 487 4176 licebit.
503 4109 599 4200 [Add.
615 4115 881 4178 LndoviciWiesc
897 4115 945 4176 De
956 4114 998 4174 M.
1012 4114 1083 4176 Val.
1099 4115 1247 4178 Messallae
1256 4111 1387 4180 Corvini
1404 4113 1466 4175 vita

370 4221 402 4270 et
415 4209 523 4274 studiis
535 4208 696 4285 doctrines,
711 4211 815 4274 Berol.
832 4205 941 4296 1820]
1270 4243 1272 4248 ·
1454 4213 1455 4216 ’
