3212 5326
706 473 751 543 83

178 634 269 676 reum
284 625 386 674 actum
400 608 502 672 luisse.
519 606 692 672 Dissentire
703 625 735 674 et
744 631 830 674 suam
841 631 957 694 ponere
966 616 1282 698 sententiam(quams-

180 714 230 774 vis
243 732 307 773 non
319 705 446 772 disertis
459 705 573 787 verbis)
583 707 745 770 ridebatur
758 726 889 788 magnus
901 709 1101 774 Ruhnkenius
1115 715 1154 774 ad
1165 714 1277 778 Vellei.

180 810 224 879 ll,
240 805 292 879 68,
309 807 347 868 de
361 801 494 868 confusis
504 804 596 864 Caelii
609 816 641 867 et
658 804 785 866 Caecilii
799 805 976 868 nominibus
990 825 1094 890 agens.
1117 809 1282 892 componit

180 905 264 966 locos
277 902 435 964 Plinianos
449 901 488 962 H.
505 902 661 976 Nat.v11‚
681 901 735 974 49,
762 915 794 964 et
813 904 943 974 xxvtt‚
962 903 998 974 23
1022 903 1075 982 qui
1095 905 1140 964 sic
1158 905 1272 967 habete

179 1001 244 1059 Hoc
254 996 508 1082 (aconitumllfidt
520 1016 683 1067 carenum,
695 1019 754 1082 quo
768 1003 987 1077 interemptam
1003 997 1164 1076 Calpurnio
1176 1001 1279 1060 Bestia

179 1105 300 1174 uxores
316 1095 366 1153 M.
394 1093 536 1155 Coectltas
559 1109 719 1154 accusator
731 1096 733 1100 ’
743 1090 868 1175 objecit,
882 1161 885 1168 ,
899 1095 968 1156 Non
994 1095 1133 1168 iaceret,
1161 1097 1277 1170 eredo,

179 1194 393 1266 Ruhnkenins,
410 1192 471 1254 nisi
492 1194 530 1255 de
551 1206 657 1256 nostro
671 1193 768 1256 Coelio
785 1192 950 1274 cogitaret.
977 1193 1057 1256 Nam
1078 1191 1105 1254 si
1126 1194 1204 1256 alius
1223 1205 1279 1266 est,

181 1293 256 1374 quid
264 1291 378 1365 refert,
398 1287 519 1352 nomini
539 1291 645 1369 ignoto
653 1291 1020 1370 ignotumsubstituere?
1042 1293 1200 1354 Proeterea
1214 1291 1283 1354 Cal·

181 1392 326 1476 purnium
336 1389 497 1469 quemdam
508 1388 644 1450 Bestiam
658 1402 830 1470 praturam,
838 1403 996 1471 petentem
1011 1390 1050 1450 de
1064 1389 1181 1450 ambitu
1196 1409 1284 1452 accu-

181 1502 281 1558 satmn
296 1489 409 1550 scimus
427 1485 487 1552 Cnt
506 1488 649 1561 Lentulo,
665 1490 703 1550 L.
716 1489 859 1571 Philippo
871 1488 957 1550 Coss.
977 1509 1008 1550 a.
1026 1489 1099 1550 69l.
1116 1489 1196 1551 Vide
1209 1487 1276 1552 Cic.

181 1592 259 1672 lippa
276 1590 315 1650 ad
325 1589 366 1670 Q.
386 1587 477 1648 fratr.
491 1588 596 1662 11‚.3,.‹
614 1591 730 1652 Verum
745 1587 775 1650 si
786 1609 823 1652 ea
833 1587 1012 1652 Ruhnkenii
1023 1609 1111 1652 mens
1122 1589 1191 1662 luit,
1202 1589 1283 1670 quod

180 1698 339 1769 procerte
353 1703 471 1768 ponere
485 1685 677 1766 nonrausim,
700 1687 800 1748 refelli
822 1688 888 1750 hec
909 1686 1087 1767 conjecurra
1107 1684 1225 1769 poterit
1244 1705 1284 1748 ex

181 1787 333 1851 Oratione
347 1784 829 1872 profloeliocldialiesptdtliea
843 1785 928 1850 enim
943 1789 1018 1852 duas
1033 1808 1052 1848 a
1067 1788 1109 1848 Μ.
1123 1787 1221 1850 Coelio
1236 1809 1286 1850 ac·

182 1885 357 1947 cusationcs
367 1882 484 1944 habere
499 1882 1162 1966 dicituritanquambenevolentiapignora.
1177 1885 1284 1966 Quare

183 1986 308 2048 tertiam
319 1980 410 2046 Caelii
425 1980 735 2063 accusationempost
746 2003 775 2044 a.
791 1985 979 2049 walacram
993 2004 1060 2046 esse
1074 1998 1206 2066 oportet.
1223 1987 1281 2048 Ne-

184 2105 243 2166 que
253 2086 361 2166 desp.
373 2081 512 2157 Claudio,
526 2083 594 2160 lege
606 2080 945 2167 Scantiniapostulato,
959 2084 1176 2162 cogitandum
1193 2105 1282 2166 quam

184 2185 351 2259 actionem,
374 2179 516 2244 terrendi
537 2181 672 2244 hominis
693 2203 786 2246 causa
806 2196 994 2266 susceptam,
1020 2181 1136 2264 abjecit
1157 2182 1283 2260 Coetius,

183 2297 342 2366 postquam
356 2284 548 2346 voluntatem
567 2282 633 2364 ejus
647 2296 797 2346 mutatam
810 2285 900 2348 vidit.
925 2285 1002 2344 Mihi
1016 2303 1092 2346 vero
1106 2304 1284 2366 persuasum

181 2393 245 2456 est,
269 2378 437 2460 significari
457 2379 497 2461 Q.
519 2377 699 2460 Pompeium
719 2381 848 2456 Rufum,
869 2381 1030 2444 tribunum
1050 2381 1149 2462 plebis
1161 2381 1233 2456 701,
1250 2379 1283 2442 in

183 2495 274 2540 causa
284 2474 455 2538 Miloniana
468 2471 748 2562 seditiosissimum,¹
759 2480 850 2553 Hunc
860 2477 1044 2540 damnatum
1055 2489 1087 2538 et
1096 2477 1130 2539 in
1140 2478 1283 2538 exsilium

178 2577 363 2660 ejectum-ex
375 2576 502 2639 Asconii
511 2559 896 2655 Argumentofllilonianae
913 2578 1043 2651 scimus3
1055 2579 1284 2660 exsulatumque

182 2695 248 2740 esse
263 2675 363 2740 Baulis
376 2675 490 2745 Goelitts
505 2671 733 2757 inserinerppa
743 2674 881 2738 addivv.
895 2678 982 2750 Vlll,
997 2677 1027 2753 1,
1048 2673 1176 2748 scribit,
1199 2687 1231 2738 et
1250 2677 1283 2738 in

180 2773 290 2837 ultima
304 2757 445 2854 egestate
459 2793 478 2834 a
492 2792 559 2834 sese
573 2772 777 2834 sublevatum.
804 2773 873 2833 lloc
888 2770 1174 2853 explicatValerins
1188 2775 1285 2834 Maxi·

181 2895 250 2936 mus
259 2874 402 2949 utras
411 2870 528 2950 *Coegit
537 2873 622 2932 enim
632 2869 747 2936 Coelius
759 2882 893 2932 matrem
904 2871 1082 2934 Corneliam
1095 2873 1211 2951 predia
1224 2893 1284 2934 suae

177 2973 255 3034 ‚fidei
264 2970 500 3034 commissa-filio
509 2971 651 3032 reddere.
668 2971 737 3054 Quo
750 2970 819 3032 loco
828 2970 971 3032 Valerius
981 2969 1147 3052 questione
1160 2971 1285 3052 publica

184 3069 310 3131 aCoelio
316 3080 501 3150 prostratum
512 3068 690 3150 Pompeium
698 3067 818 3144 dicens,
830 3068 887 3140 sic,
901 3081 936 3128 ut
949 3067 1092 3141 diximus,
1107 3067 1283 3147 intelligen-

183 3167 241 3228 dus
255 3177 316 3240 est,
342 3181 401 3227 nec
421 3166 468 3226 de·
478 3165 538 3228 alio
553 3167 656 3230 nescio
671 3185 730 3248 quo
746 3165 850 3228 Coelio
859 3167 1067 3245 cogitandum.
1078 3199 1120 3212 —
1132 3166 1285 3249 Quorsum

182 3265 279 3344 igitur
290 3266 386 3328 verba
399 3265 553 3329 ittacoelii
567 3269 605 3330 de
615 3271 656 3330 D.
669 3266 762 3328 Lalio
773 3269 853 3348 apud
862 3263 1091 3350 Quintilianum
1102 3265 1285 3330 reserenda?

183 3363 306 3434 Nescio,
322 3364 376 3424 sed
385 3361 613 3436 adCoelianam
635 3363 669 3426 in
691 3365 863 3426 accusando
877 3363 1103 3426 vehementiam
1123 3381 1185 3424 non
1210 3383 1284 3426 sane

183 3458 342 3541 pertinere
351 3459 535 3522 videntum».
709 3449 710 3452 ¹

225 3556 279 3618 63.
304 3556 342 3616 C.
357 3556 498 3616 Heinius
514 3555 621 3618 Calvus
634 3570 724 3638 patre
737 3557 776 3621 C.
787 3558 907 3622 Licinio
929 3561 1035 3622 Macro
1054 3571 1145 3618 natus
1165 3579 1194 3619 a.
1210 3559 1282 3630 etl,

181 3653 323 3736 quamvis
335 3655 431 3717 vitam
445 3657 600 3738 disparem
612 3657 752 3734 gesserit,
768 3669 801 3718 et
813 3670 941 3739 propter
956 3655 1187 3726 abstinentiam,
1201 3657 1284 3718 ritm-

184 3771 244 3832 que
257 3751 465 3827 sanctitatem,
487 3749 592 3814 omnia
612 3772 735 3814 summa,
749 3753 885 3834 potuerit
905 3771 1042 3844 sperare,
1059 3763 1163 3814 tamen
1177 3753 1283 3816 eodem

183 3848 290 3926 ferme,
305 3869 365 3932 quo
377 3853 503 3929 Coelius,
519 3867 658 3934 tempore
671 3865 859 3933 prematura
872 3865 972 3916 morte
989 3851 1135 3932 abreptus
1143 3848 1280 3914 videtur.

184 3951 250 4014 Etsi
265 3969 379 4012 nomen
393 3952 585 4014 contrarium
600 3951 879 4032 arguereuidetur„
902 3969 967 4013 non
985 3963 1089 4012 tamen
1104 3962 1190 4012 ortus
1204 3964 1292 4013 este·

184 4063 291 4114 vetere
312 4049 504 4116 Liciniorum
526 4053 692 4116 Calvorom
713 4065 823 4132 gente,
849 4071 914 4136 quaa
934 4049 1125 4132 plebeiorum
1149 4051 1284 4114 omniurn

185 4146 371 4210 nobilissima
391 4149 450 4212 hoc
471 4148 604 4231 primmn
620 4147 801 4228 cognomine
815 4167 869 4210 usa
884 4159 941 4210 est.
967 4150 1045 4210 Nam
1066 4161 1156 4232 patre
1177 4151 1286 4210 llacro

184 4257 282 4320 ortus,
291 4266 309 4308 a
318 4247 477 4311 nonnullis
484 4261 614 4332 utroque
622 4245 757 4320 nomine,
767 4259 799 4308 et
808 4247 913 4308 Macer
921 4258 953 4306 et
961 4244 1090 4321 Calvus,
1098 4241 1282 4328 appellatur.
