3288 5344
882 403 927 472 46

357 531 428 608 ctis,
442 533 508 622 jam
520 539 558 598 ad
572 557 705 602 summos
719 553 790 606 siste
806 543 847 601 M.
864 539 998 604 Tullium
1012 553 1164 621 oratores,
1182 545 1325 605 Crassum
1339 557 1376 620 ,ot
1390 547 1459 602 Aa.

357 638 485 707 aonium,
505 633 711 717 pervenimus.
722 639 834 702 Gentis
848 640 991 702 Antoniae
1002 641 1076 703 satis
1089 655 1161 703 sunt
1171 641 1454 721 vetustaeoriginos3

358 743 390 790 at
403 734 609 809 consulatum,
628 754 789 798 censuram
806 749 837 798 et
861 739 1049 820 triumphum
1071 738 1188 820 primus
1206 753 1314 802 orator
1335 739 1452 800 intulit.

358 833 471 893 Mansit
489 853 575 912 gens,
599 847 634 895 ut
651 835 775 898 Lutatia
792 851 825 898 et
838 839 909 912 alia,
924 836 1142 902 libertinorum
1156 855 1189 902 et
1202 837 1384 920 ignobilium
1401 841 1456 900 ho·

358 932 475 994 minum
490 935 577 1015 qnasi
589 933 700 998 rivulis
715 939 844 1000 deducta
859 941 898 1000 ad
915 941 1054 1021 quintum
1071 961 1165 1022 usque
1186 954 1255 1023 post
1265 942 1340 1004 Chr.
1361 962 1392 1001 n.
1409 960 1455 1001 se·

358 1029 470 1092 culum.
494 1033 574 1096 Nam
594 1048 815 1097 commemorat
828 1033 918 1118 hujus
943 1034 1076 1099 nominis
1096 1036 1199 1100 uirum
1213 1038 1273 1100 sibi
1297 1037 1454 1115 cognitum

358 1131 561 1212 Symmachus
576 1135 654 1218 Epp.
670 1136 754 1207 tal.
856 1165 858 1176 ·

399 1231 448 1291 Μ.
469 1231 620 1292 Ausonius
639 1233 677 1294 C.
694 1235 734 1294 F.
755 1235 839 1296 CN.
854 1247 1005 1299 natusest
1020 1239 1080 1317 Ap.
1097 1234 1225 1297 Claudio
1244 1233 1389 1308 Pulchro,
1410 1235 1451 1316 Q.

343 1325 481 1390 'Metello
496 1331 696 1394 Macedonico
713 1331 798 1395 Coss.
822 1353 851 1395 a.
870 1335 942 1408 610,
955 1334 1103 1412 triennio,
1121 1337 1200 1414 quod
1214 1333 1247 1396 in
1261 1337 1359 1396 Bruto
1370 1355 1398 1394 c.
1413 1333 1454 1394 43

358 1427 470 1490 Cicero
492 1441 632 1505 testatur,
646 1430 757 1495 Crasso
770 1433 883 1515 major,
901 1435 954 1518 qui
973 1438 1014 1520 Q.
1035 1433 1180 1511 Servilio,
1197 1437 1232 1495 C.
1254 1435 1348 1498 Laelio
1368 1431 1451 1494 Coss.

358 1537 523 1588 natusest.
540 1529 661 1590 Mature
671 1530 705 1589 in
719 1528 819 1592 forum
830 1531 952 1596 venisse
967 1547 999 1596 et
1013 1531 1076 1595 vim
1091 1530 1209 1612 ingenii
1223 1552 1241 1592 a
1258 1545 1371 1593 natura
1385 1528 1454 1591 insi·

358 1635 422 1683 tam
439 1620 633 1703 optimorum,
654 1629 706 1707 qui
729 1640 803 1690 tunc
827 1644 929 1705 crant,
952 1631 1108 1692 oratorum
1127 1627 1286 1692 auditione
1311 1629 1456 1690 corrobo-

357 1741 442 1782 rasse
457 1743 494 1784 ex
510 1745 546 1788 eo
560 1726 742 1805 colligimus,
760 1733 841 1810 quod
861 1731 927 1814 ipse
939 1753 987 1814 ap.
1005 1733 1073 1800 Clo.
1091 1733 1233 1793 Deerat.
1256 1731 1299 1805 ll,
1317 1731 1370 1803 25,
1392 1742 1456 1790 a'se

358 1818 394 1880 C.
416 1820 591 1886 Carbonem
609 1825 746 1888 auditum
761 1825 848 1900 dicit,
865 1849 923 1910 pro
938 1831 973 1891 L.
992 1827 1115 1912 Opimio
1129 1829 1296 1891 dicentem.
1315 1830 1392 1890 lndc
1408 1829 1456 1889 in·

326 1946 334 1960 ·
358 1927 412 1978 ter·
428 1917 598 1992 Antonium
623 1937 655 1984 et
674 1925 829 2001 Crassum,
852 1927 905 2008 qui
924 1945 1007 1987 anno
1028 1938 1096 2008 post
1116 1927 1257 1987 eumdem
1281 1923 1455 1987 Carbonem

358 2015 520 2110 oppressit,
532 2036 682 2104 perpetua
691 2020 815 2084 videtur
828 2021 1020 2086 familiaritas
1029 2035 1061 2086 et
1068 2021 1223 2084 aemulatio
1234 2020 1454 2084 intercessisse.

359 2115 473 2182 Causas
488 2135 592 2183 antem
604 2129 803 2188 tam‘mature
818 2147 909 2207 quam
928 2145 946 2187 a
962 2126 1085 2202 Crasso,
1103 2125 1142 2186 ab
1160 2124 1297 2186 Antonio
1311 2137 1396 2186 actas
1405 2143 1456 2184 ne·

360 2218 482 2293 scimus.
496 2221 575 2281 Nam
585 2223 666 2301 quod
677 2220 745 2284 Cic.
758 2223 850 2287 Ollio.
868 2225 910 2298 ll,
931 2223 981 2298 14,
1002 2220 1090 2295 dicit,
1103 2241 1173 2284 cum
1188 2223 1360 2284 accusando
1371 2219 1457 2282 nobi-

360 2310 494 2387 litatum,
518 2317 577 2379 hoc
602 2318 660 2382 Cn.
687 2317 840 2384 Carbonis
859 2339 983 2381 causam
1006 2331 1141 2400 spectat,
1170 2337 1264 2399 quem
1284 2317 1460 2380 voluntaria

360 2423 461 2474 morte
473 2410 625 2490 judicium
644 2415 830 2495 praevenisse
845 2417 912 2478 Cic.
928 2419 1008 2500 Epp.
1033 2416 1071 2476 ad
1092 2416 1167 2476 fam.
1193 2415 1250 2491 IX,
1272 2415 1323 2490 21,
1345 2415 1459 2494 signifi-

361 2527 434 2570 care
453 2505 590 2583 videtur,
608 2525 627 2575 st
640 2523 726 2584 ἀληθὴς
747 2527 850 2595 sputos.
870 2515 948 2574 Nam
963 2511 1031 2595 ipsa
1047 2513 1145 2578 verba
1168 2533 1231 2574 non
1250 2512 1325 2573 satis
1339 2524 1455 2594 patent.

360 2609 459 2702 Quem
474 2607 568 2672 etiam
584 2612 753 2694 Appuleius
767 2613 898 2696 Apolog.
913 2633 945 2696 p.
960 2614 996 2674 tl
1012 2615 1061 2674 ed.
1079 2615 1149 2697 Bip.
1164 2609 1295 2675 honoris
1307 2631 1398 2675 causa
1409 2633 1459 2674 ac·

322 2797 324 2801 .
361 2725 499 2773 cusatum
515 2713 637 2789 scribit,
658 2729 692 2776 ut
709 2713 859 2777 Albucius
873 2735 891 2778 a
905 2717 942 2776 C.
961 2714 1042 2800 (lege
1052 2717 1107 2798 Q.)
1123 2716 1236 2790 Mucio,
1249 2715 1307 2776 Cn.
1321 2714 1397 2797 (lege
1407 2713 1458 2799 C.)

360 2811 523 2875 Norbanus
539 2833 557 2876 a
575 2818 611 2878 P.
625 2814 772 2898 Sulpicio,
790 2816 844 2878 Μ.’
857 2813 1007 2896 Aquillius
1023 2835 1041 2874 a
1055 2814 1091 2877 C.
1107 2813 1202 2890 Fufio,
1223 2814 1265 2896 Q.
1284 2803 1460 2874 Metellusa

360 2908 397 2972 C.
410 2897 546 2976 Curione
563 2917 733 2996 postulatus
750 2913 801 2976 sit.
825 2915 900 2976 lnde
919 2915 979 2974 Cn.
995 2911 1172 2976 Carbonem
1187 2911 1356 2994 majestatis
1370 2910 1460 2974 luisse

361 3025 540 3074 accusatum
554 3027 689 3094 oportet.
707 3015 774 3076 Hoc
788 3016 822 3074 in
838 3033 932 3074 untun
943 3013 1030 3073 illum
1043 3013 1137 3089 cadit,
1150 3013 1207 3094 ¹qui
1223 3011 1291 3074 Cos.
1312 3031 1343 3072 a.
1364 3011 1424 3072 olo
1442 3033 1461 3073 a

360 3105 496 3169 Cimbris
510 3110 651 3172 exercitu
666 3121 775 3172 exutus
789 3121 847 3170 est.
872 3111 951 3170 Acta
970 3110 1066 3188 igitur
1086 3129 1180 3172 causa
1200 3129 1264 3172 nou
1278 3121 1352 3170 aitte
1365 3110 1462 3172 aetatis

361 3225 478 3265 annum
491 3205 682 3288 tricesimum
697 3205 736 3265 ab
749 3205 896 3268 Antonio.
912 3207 988 3268 lnde
1003 3198 1243 3286 consentaneum
1254 3219 1311 3279 est,
1324 3209 1461 3289 priorem

247 3337 254 3355 .
361 3303 463 3380 fuisse,
478 3325 570 3386 quam
583 3324 641 3387 pro
654 3325 688 3367 se
699 3307 737 3368 dc
750 3307 869 3368 incesto
880 3305 968 3383 dixit,
986 3329 1119 3384 oausam,
1137 3310 1175 3370 de
1189 3307 1362 3394 quaValer.
1375 3309 1458 3370 Max.

361 3406 420 3478 lll,
433 3405 465 3478 l,
479 3409 509 3470 9.
527 3401 750 3467 De'tribunatn
763 3419 794 3467 et
806 3406 952 3468 aedilitate
967 3405 1093 3468 Antonii
1104 3427 1167 3468 non
1179 3418 1315 3484 coustat3
1333 3407 1461 3469 tacitum

360 3521 447 3579 sane,
464 3501 558 3564 etiam
573 3503 606 3564 in
620 3503 680 3566 hac
697 3523 733 3566 re
745 3503 856 3566 Crasso
872 3503 991 3578 similis,
1007 3504 1095 3564 illum
1113 3505 1327 3583 magistratum
1340 3504 1459 3566 habuit.

361 3602 407 3662 Ex
416 3615 554 3684 praetura
562 3620 645 3664 anno
654 3600 715 3666 ola
728 3614 814 3682 gesta
821 3600 960 3663 Ciliciam
969 3598 1092 3664 videtur
1101 3601 1295 3683 provinciam
1305 3602 1460 3676 habuisse,

362 3696 582 3781 praedonesque
610 3699 692 3762 bello
716 3697 875 3763 maritimo
899 3713 1079 3782 persecutus
1105 3719 1181 3762 esse.
1211 3701 1251 3763 V.
1278 3697 1349 3764 Liv.
1376 3701 1458 3782 Epit.

362 3800 503 3878 LXVIII,
520 3797 587 3864 Cic.
606 3799 749 3864 Deerat.
766 3803 791 3876 l,
807 3800 863 3874 183
879 3800 920 3873 ll,
935 3801 966 3878 1,
988 3813 1021 3862 et
1040 3800 1182 3880 Pighium
1197 3813 1343 3862 accurate
1357 3800 1460 3882 'dispu-

363 3911 481 3960 tantem
495 3921 528 3982 p.
544 3901 614 3962 lot.
641 3901 685 3962 Ex
706 3903 765 3963 hac
785 3901 948 3984 provincia
968 3893 1182 3983 triumphauit.
1209 3901 1322 3965 Consul
1337 3921 1406 3965 cum
1420 3903 1458 3962 A.

363 3989 519 4062 Postumio
532 4013 655 4062 creatus
670 4021 700 4064 a.
714 3999 787 4072 654,
803 4002 838 4062 in
851 3997 961 4082 primis
974 4000 1047 4064 Sex.
1060 4000 1176 4062 'litium
1189 3999 1267 4062 trib.
1282 4001 1327 4082 pl.
1338 3999 1460 4090 seditio·

362 4117 430 4161 sum
442 4097 653 4162 adversarium
667 4101 791 4174 habuit,
808 4101 970 4164 Saturnini
983 4101 1120 4163 rationes
1135 4087 1337 4183 repetentem.
1362 4101 1461 4182 Quem

364 4201 513 4280 mornado
524 4200 663 4280 fregerit,
680 4215 711 4264 et
726 4215 932 4285 opportunam
947 4213 1056 4266 nactus
1067 4197 1261 4266 occasionem
1273 4201 1377 4264 omnia
1390 4216 1461 4261 con·
