3212 5326
682 456 744 522 117

164 592 345 656 ficiscuntur
359 614 367 653 ε
387 590 492 654 diilert
505 591 589 654 euim
607 610 735 674 prorsus
754 599 852 670 geum
866 591 929 654 stili
943 604 975 654 et
989 595 1133 656 tractatio
1144 595 1263 656 rerum.

164 691 325 757 Inferioris
339 693 433 756 etiem
446 693 599 754 mtatiseat
612 691 761 754 Messalae
780 692 906 756 Corvini
916 693 969 754 De
976 699 1124 774 progenie
1134 697 1269 774 Augusti

164 807 197 856 et
208 793 330 852 Aurelii
339 793 374 856 V
372 797 472 854 icteris
484 795 533 852 De
553 797 676 872 origine
691 797 791 873 gentis
803 794 966 854 Ramauae.
988 793 1029 854 lli
1047 795 1182 876 quinque
1193 797 1270 858 libri

163 891 199 952 iu
220 890 361 968 exiguum
388 909 500 973 gyrum
523 890 635 952 scholae
658 891 873 972 compellendi,
904 903 936 950 et
959 891 1119 952 elementis
1147 905 1267 954 tantum

163 986 283 1053 latium
294 989 406 1068 liuguae
413 990 567 1052 discendis
577 988 744 1064 sufficiant,
766 1009 836 1052 eum
851 989 919 1051 veri
928 987 1039 1052 simile
1052 988 1112 1066 sit,
1127 1005 1270 1055 auctores

164 1104 270 1150 eorum
288 1083 367 1150 nihil
378 1087 461 1148 alind
476 1087 534 1150 nisi
546 1088 678 1169 primam
692 1088 916 1148 iustitutionem
931 1087 1083 1168 puerilem
1101 1101 1267 1168 spectasse.

164 1187 212 1246 Ae
223 1183 322 1246 miror
336 1205 423 1260 sane,
439 1205 622 1266 quenrquam
634 1185 686 1266 qui
700 1181 862 1246 Plutarchi
878 1182 966 1246 Vitas
981 1197 1013 1247 at
1027 1182 1129 1246 Taciti
1142 1185 1270 1264 lgneo-

163 1285 227 1344 lam
247 1285 369 1362 legerit,
392 1285 466 1347 istas
490 1281 598 1360 Vitas,
622 1285 748 1346 umbras
765 1285 875 1346 inanes
890 1285 958 1346 sine
972 1297 1076 1348 mente
1094 1297 1126 1346 et
1151 1285 1266 1358 nervis,

164 1379 312 1444 Cornelio
327 1383 441 1464 Nepoti
453 1381 817 1454 historicoeeleberrimo
829 1381 969 1446 tribuere
983 1379 1130 1464 potuisse.

560 1569 882 1602 ..4—

562 1711 871 1787 TESTIMONIA.

205 1891 273 1954 Cic.
290 1895 378 1954 Brut.
393 1909 422 1954 e.
438 1895 474 1954 l'l
490 1913 498 1953 a
515 1894 580 1956 Cur
594 1891 690 1970 igitur
699 1890 805 1970 Lysias
816 1900 850 1950 et
862 1887 1037 1972 Hyperides
1047 1901 1181 1964 amatur,
1199 1907 1269 1954 cnm

163 1993 287 2073 penitus
301 1995 464 2072 ignoretur
485 1993 558 2054 Cato
571 1991 588 2050 l
603 1989 771 2072 Antiquior
794 2001 841 2051 est
855 1990 945 2072 hujus
958 2011 1061 2052 sermo
1076 2005 1109 2053 et
1129 1993 1268 2072 quadam

163 2094 341 2154 horridiora
352 2094 462 2156 rerba.
476 2096 524 2155 lta
538 2095 622 2155 enim
634 2107 698 2154 tum
714 2091 931 2173 loquebantur.
949 2094 986 2153 ld
996 2105 1092 2168 mutu,
1107 2095 1187 2172 qnod
1200 2105 1266 2154 tum

163 2192 219 2252 ille
233 2211 296 2252 non
310 2191 419 2274 potuit,
436 2205 468 2254 et
480 2194 557 2256 adde
573 2208 729 2263 numeros,
746 2203 780 2251 ut
794 2191 895 2274 aptior
905 2193 946 2254 sit
959 2189 1076 2266 orati03
1094 2191 1160 2272 ipsa
1173 2191 1273 2254 verba

79 2329 83 2336 ·
164 2304 317 2369 compone
339 2301 370 2350 et
385 2291 472 2370 quasi
488 2301 692 2368 coagmenta,
718 2291 799 2369 quod
818 2309 858 2352 ne
879 2290 985 2356 Graeci
1008 2289 1130 2370 quidem
1148 2300 1273 2352 veteres

163 2385 406 2448 lectitaverant:
420 2387 486 2466 jam
502 2387 657 2448 nemiuem
673 2401 846 2468 antepones
856 2389 980 2450 Catoni.

207 2471 291 2532 Dial.
312 2473 351 2533 de
369 2484 465 2534 oratt.
489 2493 517 2534 c.
541 2470 810 2534 temerassent
832 2484 1030 2556 comparatus
1049 2469 1086 2532 C.
1107 2471 1272 2536 Gracchus
1301 2462 1343 2532 15

163 2567 286 2648 plenior
301 2581 333 2630 et
347 2568 486 2640 uberior,
503 2567 550 2631 sie
564 2567 704 2628 Graccho
717 2570 844 2650 politior
859 2583 891 2633 et
904 2567 1047 2632 ornatior
1062 2569 1205 2649 Crassus,
1224 2571 1271 2632 sie

164 2679 295 2748 utroque
306 2665 486 2730 distinctior
500 2680 532 2730 ot
546 2663 698 2728 urbanior
712 2681 745 2728 et
756 2667 852 2730 altior
866 2668 987 2741 Cicero,
999 2664 1152 2728 Cicerone
1163 2667 1271 2732 mitior

167 2765 353 2830 Caranusca
364 2765 486 2830 dulcior
499 2779 531 2830 et
543 2768 576 2828 in
588 2765 695 2828 verbis
706 2768 804 2844 magis
816 2767 1006 2828 elaboratus.

208 2865 377 2946 Appuleius
392 2867 522 2946 Apolog.
534 2883 566 2944 p.
588 2863 669 2926 5892
693 2863 927 2944 Quamcumque
936 2863 1109 2924 orationem
1119 2861 1272 2926 struxerit

166 2961 295 3038 Avitus,
318 2965 364 3026 ita
384 2963 439 3024 illa
460 2962 522 3025 erit
544 2963 681 3042 undique
701 2960 750 3024 sui
771 2963 909 3044 periente
929 2963 1084 3035 absoluta,
1108 2959 1197 3024 utin
1217 2959 1273 3026 illa

166 3083 266 3144 neque
283 3063 358 3123 Cata
371 3064 557 3141 gravitatem
572 3064 723 3144 requirat,
740 3081 841 3144 neque
854 3063 973 3125 hattus
986 3061 1158 3133 lenitatem,
1173 3081 1272 3148 nequo

168 3157 327 3218 Gracchus
338 3159 497 3242 impetum,
512 3181 571 3222 nec
583 3161 691 3222 Caesar
703 3161 842 3224 dolorem
857 3156 1058 3246 (coloremil,
1075 3179 1135 3223 nec
1147 3159 1273 3220 Horten·

166 3263 229 3320 sius
243 3258 506 3337 distributionem,
527 3279 585 3326 nee
598 3263 705 3324 Caluus
723 3259 874 3342 arguens,
892 3282 952 3324 nee
967 3259 1190 3343 parsimoniam
1206 3260 1273 3322 Sal·

166 3361 349 3430 batianum
360 3361 550 3444 opulentiam
560 3364 685 3424 thero.

209 3454 306 3539 Epist.
329 3455 498 3520 Frontonis
520 3461 559 3520 ad
577 3463 694 3524 Verum
715 3479 747 3540 p.
771 3460 831 3521 tto
852 3461 905 3520 ed.
926 3459 1040 3520 Rom:
1063 3459 1273 3522 Contionatus

168 3557 244 3617 Cato
258 3559 382 3635 infeste,
400 3559 557 3619 Gracchus
573 3561 761 3634 turbulente,
778 3559 897 3619 Tullius
910 3556 1046 3640 copiose.
1062 3561 1135 3622 Jam
1146 3557 1180 3621 in
1191 3558 1272 3640 judi·

167 3652 225 3716 ciis
239 3653 326 3718 savit
344 3654 426 3718 idem
444 3657 530 3732 Cata,
552 3657 722 3740 triumphat
740 3657 861 3731 Cicero,
881 3657 1087 3718 tumultuatur
1100 3656 1271 3728 Gracchus,

168 3751 278 3812 Calvus
294 3750 428 3814 rixatur.

209 3847 308 3928 Epist.
320 3850 487 3912 Frontonis
500 3851 539 3912 ad
554 3852 597 3911 M.
611 3851 767 3914 Cesaram
777 3871 809 3932 p.
823 3849 883 3912 82:
897 3847 1067 3912 Meministi
1079 3863 1113 3912 tu
1123 3847 1273 3933 plurimas

167 3947 328 4022 lectiones,
347 3946 458 4030 quihus
474 3971 569 4032 usque
581 3952 680 4013 adhuc
692 3962 835 4013 versatus
849 3971 894 4024 es,
912 3949 1079 4014 comoedias
1094 3951 1270 4025 attellanae,

76 4093 77 4096 η
166 4062 310 4111 oratores
324 4062 467 4112 veteres:
482 4072 614 4132 qnorum
623 4052 776 4133 autpauci
786 4064 962 4134 autpraeter
975 4053 1121 4111 Catonem
1131 4063 1164 4114 et
1174 4052 1272 4112 Grac·

167 4145 257 4203 chum
264 4167 356 4208 nemo
363 4146 575 4220 tubaminllat,
586 4169 694 4212 omnes
702 4162 804 4212 autern
812 4147 1273 4234 mugiuntvelstriduntpotius.

212 4241 346 4326 Quintil.
372 4248 442 4321 XM,
469 4248 519 4320 10,
546 4251 603 4310 1οε
629 4251 663 4309 ln
686 4247 829 4313 oratione¹
850 4247 877 4310 si
897 4246 1016 4332 species
1039 4245 1271 4322 mmanuelis,
