3212 5326
691 454 733 524 81

168 593 302 674 primum
324 588 400 665 orti,
424 590 607 654 documenta
626 591 802 656 continent.
830 591 932 654 Etiam
945 613 1035 674 quam
1051 594 1263 681 Quintilianus

167 693 191 764 l,
205 695 239 766 6,
252 692 306 766 29,
321 691 361 754 sb
381 711 418 757 eo
432 691 584 774 prolatam
598 689 689 752 allert
703 691 944 774 explicationem
957 695 1153 777 tuomst-agi,
1176 713 1262 764 retu

164 800 285 850 starum
293 807 404 852 sucum
414 788 577 870 quautam
588 785 826 852 admirationem
839 790 985 853 ostendit.
999 789 1087 863 Coul.
1100 794 1118 873 S
1133 793 1185 872 42,
1203 818 1263 876 quo

169 889 238 951 looo
247 887 444 970 Spaldingius
457 905 623 970 perperam
638 885 769 958 (baliam
781 885 982 970 Antipatrum
994 891 1080 953 inter
1091 893 1191 956 media
1203 897 1264 960 elo·

164 988 325 1068 (Ῑιιειιῑίιιιιι
337 987 478 1070 exempla
488 983 621 1070 posinunt
631 987 708 1048 uult.
723 989 790 1050 Hoc
801 987 909 1063 nimia,
924 1002 960 1051 ut
973 990 1073 1052 solent
1082 987 1119 1066 ii,
1131 991 1184 1072 qui
1197 1015 1264 1058 rem

164 1083 206 1146 ab
227 1095 359 1165 utraque
380 1095 470 1166 parte
489 1083 676 1158 defendunt,
700 1085 845 1166 cupidine
868 1086 914 1147 ita
938 1087 1134 1168 persequitur
1155 1103 1265 1154 aucmr

164 1181 249 1243 Dial.
271 1182 309 1242 de
326 1193 421 1243 oratt.
440 1201 470 1244 c.
486 1181 538 1258 18,
554 1193 589 1242 ut
605 1181 739 1246 Galbam
759 1195 791 1242 et
807 1181 984 1246 Carbonem
997 1184 1152 1249 imitatum
1166 1186 1266 1248 videri

162 1278 260 1352 dicat,
278 1292 311 1342 et
324 1299 353 1340 c.
367 1277 404 1341 at
421 1279 559 1341 hiantem
569 1279 661 1342 coelii
677 1279 942 1359 compositionem,
962 1283 1069 1346 sordes
1083 1282 1264 1361 uerbenam,

163 1379 274 1444 etalio
292 1379 357 1463 ejus
375 1381 458 1444 modi
475 1381 694 1464 reprehendat.
717 1382 832 1443 Verum
850 1395 881 1442 c.
894 1381 947 1455 25,
971 1383 1129 1446 Secundus
1150 1386 1265 1467 aquius

162 1478 326 1561 judiciam,
340 1491 376 1540 nt
385 1479 503 1542 Plinius
516 1492 548 1541 et
557 1479 780 1564 Quintilianus,
794 1479 961 1562 ampleaus,
976 1482 1183 1559 granditatem
1189 1501 1264 1548 con·

165 1576 324 1652 siliarum,
349 1577 535 1658 nigramque
548 1577 674 1640 homine
687 1576 788 1640 libero
801 1589 834 1638 et
847 1574 993 1660 principe
1007 1573 1146 1642 civitatis
1159 1580 1263 1642 luturo

164 1672 292 1736 dicffldi
306 1693 403 1754 ςιιιιι
413 1671 504 1756 justis
518 1672 660 1737 laudibus
675 1670 768 1736 tollit.
783 1672 997 1756 Quintilianus
1006 1671 1048 1747 X,
1063 1675 1094 1748 1,
1108 1676 1266 1752 tranat·

165 1785 231 1834 tum
246 1769 280 1834 in
295 1792 332 1834 eo
345 1768 464 1850 ingenii
479 1767 582 1845 foisse,
594 1789 795 1852 asperumque
806 1768 960 1854 inprimis
975 1773 1147 1842 secutam
1159 1774 1266 1851 cogni·

168 1885 243 1943 tum,
260 1869 459 1954 dignumque,
471 1867 523 1932 cni
537 1881 569 1932 et
582 1889 670 1932 mens
682 1867 794 1932 melior
808 1884 840 1932 et
853 1869 920 1934 uita
933 1868 1059 1955 longior
1072 1868 1264 1951 contigimus.

165 1969 259 2032 Conl.
271 1969 304 2042 2,
316 1969 370 2030 25.
386 1965 508 2046 Dignus
516 1962 574 2028 fuit
584 1962 691 2044 igituir,
702 1987 743 2028 ex
757 1985 816 2045 quo
829 1986 935 2028 rerum
947 1965 1155 2030 oratoriarum
1163 1989 1264 2032 exem·

167 2065 220 2145 pla
232 2059 440 2127 studiosorum
454 2059 627 2126 imitatione
647 2058 682 2122 in
702 2059 814 2144 primis
832 2061 926 2140 digua
939 2077 1138 2144 excerperet,
1162 2078 1196 2126 ut
1209 2068 1262 2139 lv,

166 2162 199 2236 2,
218 2160 290 2224 123.
308 2161 461 2242 Excerpta
475 2159 541 2242 ejus
553 2157 615 2222 sibi
626 2181 649 2222 a
661 2161 818 2220 Frontone
832 2157 925 2222 missa
937 2160 980 2222 Μ.
994 2158 1171 2224 Antoninus
1187 2160 1264 2226 scri·

169 2258 219 2322 bit
235 2281 269 2342 p.
288 2261 325 2322 21
345 2261 395 2324 ed.
412 2262 502 2326 Rom.
522 2261 605 2342 ,Post
617 2261 700 2322 hunc
711 2256 803 2322 Caelii
816 2272 961 2341 mnqtmm
981 2281 1000 2322 a
1023 2257 1166 2324 smdioeis
1189 2263 1263 2324 lecti

166 2355 284 2420 mendo
304 2377 367 2420 non
386 2353 511 2420 uidetur
529 2355 610 2420 fieri.
637 2359 716 2420 Nam
737 2356 834 2420 verba
853 2359 989 2438 qaedam
1008 2355 1262 2424 exorationibus

163 2459 376 2540 exemplorum
390 2453 491 2520 instar
504 2459 609 2522 Festus
621 2471 654 2520 ct
666 2455 846 2522 Priscianus
858 2459 986 2522 babent.
1003 2455 1190 2522 Adoctrina
1202 2481 1265 2524 non

166 2571 230 2622 tam
242 2561 365 2623 ridetur
379 2555 594 2634 abhorruisse,
615 2579 708 2640 quam
728 2559 907 2622 turbulento
927 2557 1055 2640 ingenio
1069 2557 1265 2641 moribusque

163 2676 275 2740 parum
300 2654 440 2742 probatis
467 2675 486 2720 s
507 2654 680 2720 studiorum
703 2659 870 2720 severitate
896 2660 934 2720 ad
957 2659 1060 2722 luxum
1086 2669 1120 2722 et
1146 2657 1266 2739 flagitia

160 2753 309 2836 abreptus
322 2773 398 2816 esse.
422 2752 518 2815 Certe
541 2771 605 2814 non
630 2748 724 2814 alium
743 2749 867 2832 reperio
890 2750 1040 2822 Coelium,
1076 2753 1127 2814 cui
1147 2751 1264 2818 librum

164 2873 251 2916 suum
266 2856 314 2916 De
327 2849 497 2933 geometria
512 2847 712 2930 inscripserit
725 2852 834 2912 Varro.
854 2851 916 2912 Sed
930 2849 1028 2928 magis
1042 2849 1199 2916 ambitiosi
1218 2869 1265 2916 est

165 2971 259 3030 qnam
273 2946 414 3014 discendi
429 2944 551 3028 cupidi,
568 2947 647 3025 quod
661 2941 776 3006 librum
790 2941 923 3025 aliquem
936 2941 998 3006 sibi
1018 2965 1037 3006 a
1050 2943 1204 3010 Cicerone
1217 2947 1264 3010 in·

163 3050 264 3112 scribi
277 3050 345 3110 vult
357 3051 435 3130 Epp.
447 3049 487 3108 ad
500 3047 583 3108 dirv.
596 3047 679 3121 Vlll,
695 3047 726 3122 3,
746 3046 858 3128 quippe
876 3057 912 3107 nt
929 3060 1095 3110 noscerent
1112 3045 1263 3127 luminas,

165 3163 358 3233 qumanana
367 3149 465 3212 solum
477 3147 685 3210 familiaritate
695 3149 750 3210 sed
760 3144 855 3209 etiam
867 3143 1038 3210 studiorum
1048 3148 1266 3214 communione

164 3251 232 3334 ipse
243 3269 313 3312 cura
323 3251 534 3312 Romanorum
543 3247 771 3326 elegantissimo
778 3246 904 3329 junctus
913 3259 1006 3308 esset.

208 3349 263 3412 62.
288 3349 413 3420 Restat,
434 3359 471 3407 nt
491 3345 646 3410 decausis
666 3365 850 3426 queramus,
873 3343 985 3426 quibus
1003 3343 1164 3417 inclaruit,
1180 3361 1213 3410 et
1225 3350 1265 3424 de

165 3445 306 3526 reliquis
314 3444 475 3508 variorum
484 3457 648 3505 auctorum
658 3441 833 3504 testimonio
847 3461 904 3524 per
915 3461 1038 3505 omnem
1048 3442 1265 3522 antiquitatem

162 3541 324 3622 napaeis.
345 3535 578 3610 Defensiouum,
595 3551 711 3619 preter
725 3548 830 3598 nomm
843 3537 940 3612 illam,
956 3537 991 3598 in
1006 3555 1064 3616 qua
1081 3535 1265 3600 Ciceronem

165 3640 283 3702 lebetis
293 3640 412 3702 eonium
426 3637 545 3712 babuit,
562 3637 675 3700 nuilite
688 3636 868 3698 memoriam
883 3635 1074 3716 accepimus,
1092 3653 1193 3715 aeque
1207 3636 1268 3698 lor·

164 3752 247 3802 tasse
260 3752 374 3822 ptmter
388 3741 471 3802 hanc
485 3740 671 3824 Quintiliani
686 3751 824 3818 tempore
843 3737 992 3820 seriptum
1014 3755 1054 3797 ex
1072 3735 1131 3797 hoc
1150 3755 1267 3814 genere

165 3837 333 3918 quidquam
348 3839 525 3900 exstabat...
546 3830 600 3926 [V.
618 3837 659 3898 lr.
680 3855 711 3916 p.
726 3829 880 3920 193sqq.]
901 3836 962 3898 Sed
970 3834 1003 3896 in
1017 3833 1058 3894 ir.
1075 3851 1126 3914 ap.
1144 3833 1265 3896 Festum

168 3953 202 3996 u.
217 3937 309 3995 (aren
320 3953 383 3996 nec
397 3949 529 4010 coemat,
551 3935 624 4016 quis
637 3933 694 3994 iste
708 3931 802 3994 luerit
820 3933 858 3992 L
876 3930 1041 3994 Stertinius
1055 3929 1111 3991 sub
1131 3951 1191 4012 quo
1213 3937 1266 4015 qui

163 4029 340 4094 mationem
353 4029 475 4106 habuit,
491 4045 566 4096 tunc
579 4033 726 4094 militatus
740 4029 868 4103 dicitur,
880 4049 949 4092 uam
960 4027 1086 4091 amoniti
1103 4031 1269 4093 contuber-

163 4127 303 4214 amlisQ
319 4127 460 4212 Pompeii
474 4133 571 4194 Roma
586 4130 712 4206 almior
737 4145 837 4206 neque
856 4129 936 4209 apud
956 4125 1102 4208 populum
1122 4145 1160 4188 cs
1179 4142 1268 4190 aetate

166 4225 576 4312 quosquamprnsedioebat,
588 4249 658 4294 cum
672 4245 797 4292 amanam
787 4221 1017 4306 perduellione
1024 4239 1152 4306 excepta
1160 4245 1268 4290 omnes

1121 4337 1149 4386 11
