3262 5328
899 501 934 545 lv

373 619 478 692 modo
499 618 702 712 vigentque.
726 613 871 684 Catonis
892 613 1069 684 orationes
1088 615 1197 682 virum
1216 611 1385 708 probum,
1405 618 1468 711 ju-

371 763 476 829 stum,
497 743 661 840 peritum,
679 737 916 836 eloquentem,
939 737 1000 808 sed
1024 735 1214 832 gloriosum
1233 736 1412 810 hominem
1430 757 1467 812 et

370 868 579 962 litigatorem
600 860 766 958 produnt.
790 861 832 929 ln
851 857 1016 931 Graccho
1032 875 1175 931 teneros
1195 882 1312 932 mores
1335 864 1466 958 perspi·

371 999 441 1070 cies
459 1009 496 1066 et
513 993 669 1077 ammon
684 986 983 1088 immissave
998 990 1189 1086 ingenuum
1201 1005 1240 1060 st
1258 987 1467 1088 splendidis-

366 1124 451 1196 sima
473 1113 688 1214 eloquentiae
713 1111 863 1194 lumina,
887 1115 1046 1212 quamvis
1073 1115 1147 1211 ipse
1168 1111 1275 1186 rebus
1299 1117 1467 1210 gerendis

362 1241 522 1316 civilibus
542 1260 663 1334 parum
679 1233 802 1306 fuisset
814 1251 930 1332 aptus.
953 1237 1103 1308 Romani
1117 1260 1201 1308 vero
1217 1260 1334 1308 mores
1346 1239 1467 1309 severi

365 1384 403 1439 et
432 1360 572 1436 excelsa
594 1359 701 1430 animi
728 1359 936 1454 magnitudo
964 1373 999 1432 et
1022 1361 1203 1455 ingenium
1228 1360 1469 1458 incorruptum

363 1512 468 1586 quarn
493 1484 642 1555 maxime
664 1484 701 1553 in
725 1483 897 1578 Scipionis
924 1499 1098 1580 apparent
1124 1483 1364 1556 oratiunculis.
1391 1487 1466 1558 Nec

364 1615 517 1688 multum
533 1611 640 1683 distat
659 1610 757 1683 Laelii
777 1612 902 1700 oratio,
919 1614 1019 1709 cujus
1034 1612 1161 1707 robigo
1179 1614 1332 1683 nativam
1349 1615 1468 1685 Latini

364 1741 534 1814 sermonis
552 1737 705 1810 indolem
724 1753 762 1809 et
784 1739 965 1835 proprium
986 1737 1119 1809 cultum
1141 1737 1284 1809 indicat.
1308 1739 1360 1811 Ac
1383 1765 1465 1836 pro-

365 1865 458 1937 fecto
477 1879 583 1936 verus
595 1885 715 1936 sermo
732 1863 885 1934 norim
903 1862 938 1932 in
951 1886 995 1933 se
1008 1861 1120 1934 habnt
1135 1862 1254 1938 macto
1271 1863 1358 1961 guid
1372 1865 1466 1938 intc-

365 1985 514 2088 gremii,
530 1987 632 2085 -qrrod
647 1987 801 2059 mimum
813 1985 921 2060 silim
933 1984 1238 2084 magdunense
1251 1986 1466 2064 Graecorum
1612 2071 1614 2078 ,

364 2112 540 2186 coloribus
557 2109 707 2188 ducatus.
728 2110 821 2201 Quid
834 2132 921 2204 ergo
935 2111 1075 2205 gnatius
1091 2134 1173 2182 esse
1191 2110 1324 2204 poteri
1338 2111 1465 2182 nona·

365 2263 487 2313 uarum
500 2233 664 2311 studiosis
675 2235 860 2310 literarrun
875 2233 984 2321 iibno,
1001 2237 1040 2304 in
1050 2259 1126 2330 qno
1143 2234 1340 2328 fragmenta
1351 2248 1467 2306 orato·

364 2383 444 2431 rum
463 2359 626 2454 dispersa
649 2370 730 2430 sum
752 2352 926 2428 collem?
942 2353 1164 2451 Atque'ndeo
1180 2368 1284 2428 atrro
1300 2353 1412 2430 Tauri
1430 2353 1468 2428 id

363 2503 494 2552 munus
513 2494 773 2576 aggressusest
798 2481 848 2551 Μ.
869 2478 1023 2556 {uicimus
1035 2478 1188 2551 Crassus
1204 2462 1407 2564 Mucianusss
1428 2495 1468 2552 ut

366 2608 631 2705 praecipuom
645 2622 879 2682 monumenta
891 2620 1073 2680 omnm
1089 2603 1317 2680 nonum
1330 2619 1370 2676 et
1386 2605 1467 2680 ede·

365 2751 434 2826 ret‚
453 2761 498 2808 ne
517 2735 694 2808 obiirione
715 2735 967 2824 obruerentur,
988 2750 1032 2806 ut
1045 2736 1083 2805 'm
1102 2732 1250 2829 Dialogo
1281 2733 1329 2806 de
1348 2751 1466 2806 orato·

366 2856 465 2929 ribus
477 2879 514 2928 c.
533 2859 578 2930 37
594 2857 773 2955 scriptun
784 2856 947 2952 irgirms.
966 2857 1017 2926 Ac
1027 2855 1066 2928 ni
1082 2855 1268 2930 Mucianus
1280 2855 1376 2930 bunc
1388 2881 1467 2930 sus-

366 2986 519 3083 cepisset
537 2981 707 3068 iabonerm
734 2983 847 3055 multo
867 2984 983 3054 nrims
1006 2981 1113 3054 stiam
1124 3006 1233 3078 quam
1251 3007 1344 3058 mne
1358 2982 1468 3060 habe·

365 3131 458 3195 mus,
472 3108 612 3202 opinor,
623 3105 983 3200 ndiquiimbererrrus.
998 3102 1049 3174 Ea
1060 3104 1152 3177 onim
1166 3102 1371 3200 fragmenta,
1386 3129 1469 3202 que
1618 3181 1619 3190 ,

369 3230 465 3326 apud
478 3227 650 3311 Gedinm
674 3230 899 3315 Frontonen,
916 3225 1139 3300 uaoomm
1159 3230 1361 3302 etiamnunc
1381 3229 1468 3324 legi·

369 3377 460 3442 mus,
479 3379 523 3427 ex
539 3352 602 3425 ilio
617 3375 726 3450 opere
745 3370 910 3451 excerpta
930 3369 1033 3450 parto.
1055 3354 1153 3427 Inter
1174 3356 1393 3428 recentiores
1412 3377 1470 3430 ru-

264 3525 265 3529 =
370 3496 443 3552 tem
458 3481 532 3552 duo
555 3481 637 3567 riri,
659 3481 802 3576 ingenio
825 3480 1075 3553 erauditinne
1095 3477 1205 3574 ionge
1220 3482 1373 3570 maximi,
1391 3479 1467 3554 onl-

369 3609 557 3684 iectionem
583 3627 768 3683 oratorum
794 3613 1054 3708 promiserant,
1084 3633 1152 3682 nec
1179 3625 1298 3683 tamen
1324 3611 1467 3684 solvere

370 3755 450 3812 rota
469 3741 666 3836 gratissima
686 3755 847 3838 potuere.
872 3743 1012 3812 Justrrm
1027 3739 1185 3836 'Lipsium
1199 3739 1286 3813 dico·
1299 3758 1337 3813 ct
1357 3743 1466 3816 Fran-

371 3865 501 3936 ciscum
514 3865 680 3951 Dousnm,
696 3889 848 3962 quorum
862 3865 960 3960 prior
976 3864 1015 3934 in
1032 3860 1092 3934 lib.
1114 3862 1137 3931 2
1163 3862 1370 3937 Fdectorum
1385 3889 1465 3964 cap.

377 3988 418 4057 18
437 3988 483 4058 ita
506 3987 650 4058 scribite
673 4017 691 4052 ι
708 3989 913 4083 Fragmenta
936 3986 1150 4082 scriptorum
1173 4003 1335 4068 veterum
1355 3987 1472 4060 adsie-

375 4131 476 4184 scens
492 4109 573 4186 olim
592 4112 656 4210 (ut
675 4112 809 4186 ferebat
824 4113 883 4184 iiia
902 4111 1013 4207 aetas)
1038 4137 1119 4185 cum
1136 4116 1268 4210 impetu
1287 4132 1323 4188 et
1346 4114 1467 4187 labore
