3288 5344
891 405 934 474 44

365 541 416 617 ra,
434 540 538 604 vna.
556 541 637 605 nn.
655 543 715 616 nr,
728 543 760 618 a,
780 543 813 620 t,
833 544 937 616 tv,1‚
967 541 1016 616 ra,
1035 538 1170 623 tpptsn.
1190 541 1270 602 eati.
1293 540 1362 602 cn.
1378 541 1403 612 1,
1418 522 1472 603 'aa

364 659 446 720 sqq„
463 641 619 702 Plutarch.
637 641 672 701 in
686 637 784 702 llario
804 662 832 703 a.
850 641 901 704 29.
918 638 1093 702 Restitutas
1104 649 1151 701 est
1170 638 1332 716 rogatione
1345 637 1476 698 Calidia

365 733 452 816 (Cic.
473 734 529 800 Or.
547 757 602 820 pra
622 739 732 800 Plane.
749 759 778 800 c.
795 739 847 814 28,
875 739 915 799 ad
932 737 1023 820 Qnir.
1044 757 1075 818 p.
1090 737 1158 797 red.
1173 757 1203 798 c.
1221 734 1257 816 3)
1277 735 1478 815 deprecante

363 836 422 898 Pia
442 834 522 914 fitia,
541 838 596 898 sed
612 851 682 920 post
694 839 805 900 nescio
819 840 969 918 quomoda
989 838 1088 900 lracto
1106 834 1200 898 luisse
1222 827 1329 898 animo
1349 834 1478 896 dicitur

305 987 306 990 ,
364 931 432 996 Cia.
448 933 527 1014 Epp.
544 935 584 996 ad
596 934 670 998 fam.
687 936 713 1009 l,
728 940 758 1000 9.
778 937 818 998 Ει
834 955 903 998 suae
913 931 1029 999 Cicera
1040 953 1110 995 cum
1124 930 1281 996 Numidici
1294 932 1388 994 rebus
1403 951 1474 992 non

364 1032 432 1096 siue
447 1033 606 1096 fastidiosa
614 1033 786 1118 jactatione
796 1054 877 1118 sepe
896 1046 1069 1118 comparat,
1085 1046 1119 1094 ut
1133 1031 1353 1096 lartasseillud
1372 1031 1474 1094 etiarn

363 1132 411 1194 mi
432 1133 600 1196 excusandi
614 1153 705 1196 cauea
718 1153 838 1216 pparum
859 1147 945 1196 certo
967 1134 1115 1196 traditum
1129 1133 1308 1214 arripuerit.
1336 1133 1384 1194 Ad
1404 1132 1477 1192 Ma·

363 1232 455 1294 mana
469 1243 610 1314 tempera
626 1251 689 1296 non
703 1234 798 1309 vixit3
816 1253 916 1316 neqae
930 1233 1017 1296 enim
1037 1231 1129 1297 Marii
1143 1233 1293 1296 sevitiam
1307 1231 1470 1293 erasisset.

362 1331 521 1392 Incertum
540 1326 665 1396 videtur
679 1342 712 1392 et
725 1349 765 1394 cx
781 1330 873 1405 lama,
892 1344 977 1394 certe
994 1332 1187 1414 pervulgata,
1211 1327 1371 1400 affirmari,
1387 1329 1464 1410 aQ.

362 1428 459 1492 Varia
473 1438 597 1492 veneno
609 1428 763 1492 mblatum
780 1451 857 1504 esee,
874 1430 945 1493 Cia.
958 1431 1006 1492 De
1019 1445 1087 1494 nat.
1102 1431 1189 1494 dcar.
1206 1431 1267 1504 lll,
1285 1428 1339 1502 33,
1354 1430 1406 1490 81.

409 1527 460 1590 34.
486 1527 626 1590 Moribus
647 1526 738 1608 hujus
762 1529 823 1590 viri
842 1529 1041 1592 sanotbeimie
1058 1541 1089 1591 et
1111 1530 1144 1592 in
1170 1528 1269 1590 nobili
1293 1524 1474 1590 constantia

364 1629 495 1691 lenitate
515 1630 695 1710 temperatis
711 1629 815 1694 offecit
831 1632 1001 1709 communie
1024 1631 1219 1713 optimatium
1243 1628 1390 1700 morbus,
1416 1647 1473 1688 su-

365 1725 490 1806 perbia,
513 1726 627 1807 queC.
642 1727 775 1790 Marium
785 1725 869 1790 belle
879 1727 1069 1807 iugurthino
1080 1725 1141 1790 sibi
1150 1728 1285 1805 legatum
1299 1724 1472 1786 nominaui

367 1822 471 1898 mado,
485 1825 539 1886 aed
549 1823 583 1884 in
596 1823 698 1886 amnis
707 1825 884 1890 nobilitatis
891 1837 922 1886 et
933 1825 1048 1890 civium
1055 1823 1157 1887 odium
1165 1819 1377 1886 exacerbavit.
1387 1819 1474 1908 ,vide

366 1921 506 1988 Sallustii
530 1927 602 2005 Jug-
637 1947 666 1990 ο..
693 1924 745 1990 64.
767 1927 974 1993 Severitatem
992 1927 1076 1990 enim
1095 1944 1244 1988 summam
1266 1923 1393 2007 (quippe
1417 1919 1472 2000 qui

366 2020 526 2084 meatum
543 2022 660 2086 sororis
669 2041 732 2084 suae
744 2025 846 2088 virum
857 2025 1166 2108 prorostrislaudare
1176 2019 1378 2094 recusaverit,
1389 2019 1471 2098 qnod

299 2134 302 2144 ·
366 2117 394 2179 is
407 2120 649 2201 repearndarum
657 2121 820 2186 damnatus
831 2133 911 2196 erat,
924 2140 1014 2184 sarar
1025 2135 1127 2183 autem
1139 2121 1220 2181 male
1230 2116 1387 2187 audiebat,
1399 2113 1467 2178 Cic.

366 2219 459 2282 Verr.
472 2221 529 2294 tv,
542 2218 593 2301 66)
602 2219 758 2299 elegantia
766 2219 929 2283 literarum
936 2221 1041 2296 tirrxit,
1052 2241 1127 2302 quas
1136 2220 1163 2281 si
1173 2239 1236 2280 nan
1251 2217 1360 2302 multas
1369 2233 1474 2296 neque

288 2365 292 2373 .
368 2317 574 2382 Ciceroniana
589 2339 676 2381 more
690 2321 941 2398 variaetenebet,
957 2335 1061 2383 muron
1071 2321 1209 2384 Romani
1222 2319 1317 2382 maris
1330 2317 1473 2380 tenacior

369 2415 567 2478 etbanarum
582 2417 697 2479 artium
718 2438 824 2480 amore
838 2420 936 2482 cuivis
956 2419 1120 2502 aequalium
1149 2438 1208 2500 par
1228 2415 1338 2479 vacari
1356 2413 1469 2497 patuit.
1522 2455 1527 2467 .

369 2513 450 2574 Nam
461 2513 588 2577 Arabiae
607 2513 819 2579 familiaritate
833 2537 920 2579 risum
938 2517 1004 2580 Cia.
1021 2517 1085 2579 Pro
1100 2518 1200 2578 Areh.
1219 2536 1249 2577 c.
1267 2513 1371 2577 beall.
1388 2514 1469 2594 Epp.

370 2613 410 2674 ad
430 2615 497 2674 Aa.
523 2613 550 2686 1,
574 2613 625 2689 16,
649 2614 750 2698 etib.
762 2619 909 2692 Ernesto,
930 2615 1102 2680 Carneadis
1121 2616 1185 2698 jam
1203 2615 1286 2676 senis
1299 2611 1472 2675 auditorem

369 2712 451 2774 idem
469 2713 519 2774 De
532 2724 614 2775 arat.
634 2715 707 2790 lll,
737 2715 788 2792 te,
810 2717 963 2794 ostendit3
985 2715 1098 2777 AElium
1122 2711 1473 2792 Stilaueurmagistrunr

369 2809 464 2872 etiam
474 2811 577 2878 emitti
590 2812 736 2876 comitem
748 2813 857 2879 babuit
875 2813 980 2898 (Suet.
998 2816 1045 2876 De
1056 2813 1103 2876 ill.
1120 2831 1251 2894 gramm.
1273 2833 1304 2873 c.
1323 2811 1374 2896 3).
1394 2807 1473 2872 Inde

368 2907 505 2991 iniquius
518 2908 705 2976 Ciceronem
719 2914 811 2976 Brut.
827 2935 856 2976 a.
867 2914 909 2978 35
919 2910 1073 2996 judicasse
1092 2925 1192 2994 putes,
1212 2929 1282 2972 cum
1296 2905 1471 2978 avelleio,

252 3086 255 3092 Ι
370 3011 413 3083 ll,
433 3010 485 3087 ta,
497 2993 583 3076 inter
595 3027 735 3077 aratores
748 3028 945 3088 numeretur,
957 3027 1051 3093 atque
1063 3015 1106 3094 Α.
1115 3011 1218 3077 Gellia
1240 3014 1281 3084 V,
1294 3014 1329 3086 dt
1344 3011 1399 3081 vl,
1418 3007 1469 3068 11.

370 3126 436 3169 nan
449 3109 556 3186 gravis
567 3112 670 3186 mado,
693 3111 851 3172 sedetiam
866 3109 998 3170 amenus
1011 3111 1061 3172 vir
1076 3110 1352 3174 aleatoriarum
1371 3118 1472 3168 autem

373 3217 407 3267 et
425 3207 584 3268 laudatum
604 3208 692 3290 hujus
708 3198 845 3272 auctoris
868 3223 1010 3294 tempore
1022 3231 1094 3273 =nan
1109 3225 1155 3272 est
1177 3211 1303 3271 mirum.
1329 3207 1385 3272 Sia
1402 3227 1471 3270 aum

371 3303 532 3383 Scipione,
555 3306 673 3370 Catane
693 3320 727 3370 et
739 3309 894 3373 Gracchis
906 3309 999 3371 etiam
1013 3307 1166 3372 Frontoni
1176 3319 1392 3390 acceptum-et
1403 3305 1472 3368 imi·

371 3403 490 3466 tatione
512 3402 639 3485 dignum
654 3408 754 3470 visum
773 3409 984 3483 Numidicum,
1002 3403 1138 3471 enillias
1149 3411 1229 3492 Epp.
1259 3409 1299 3470 ad
1312 3409 1356 3468 Μ.
1373 3407 1471 3470 ama·

372 3519 440 3564 rem
462 3503 504 3576 11,
523 3504 561 3580 ·1,
578 3525 611 3586 p.
635 3505 677 3567 te
697 3507 748 3568 ed.
768 3507 870 3570 Beral.
904 3504 955 3587 (1,
976 3508 1009 3580 6,
1031 3526 1063 3586 p.
1083 3507 1121 3568 ta
1144 3507 1194 3568 ed.
1210 3508 1327 3581 Ram.)
1343 3503 1473 3566 manile

372 3611 453 3662 stum
467 3613 524 3664 eet.
1057 3655 1059 3662 .
1178 3625 1180 3629 ’
1253 3609 1255 3618 “

414 3699 542 3764 Faettun
561 3702 653 3780 iude,
672 3702 754 3783 qaod
772 3703 847 3764 satis
859 3703 987 3766 idoneas
1001 3705 1177 3767 arationum
1187 3701 1335 3790 reliquiae
1350 3713 1473 3764 exstare

373 3795 665 3890 videmus...'[V.lr.
676 3823 709 3886 p.
727 3801 892 3890 135138]
908 3805 956 3865 Ex
976 3804 1120 3886 Epistolis
1133 3807 1172 3868 ad
1186 3805 1246 3868 Cn·
1266 3821 1300 3868 et
1316 3802 1352 3865 t.
1369 3801 1476 3864 Dami-

372 3897 445 3973 tias,
459 3918 591 3979 ‘quorum
608 3901 771 3964 alteratam
784 3904 821 3965 t.
839 3902 957 3978 Cassio,
979 3904 1059 3964 alter
1071 3920 1139 3965 cam
1153 3904 1190 3966 C.
1207 3902 1301 3965 Caelia
1316 3901 1388 3966 Cas.
1402 3897 1470 3973 luit,

374 3993 508 4058 aGellio
519 3997 679 4078 particulae
694 4002 831 4081 quadam
842 3999 1015 4062 alienantur
1027 4003 1098 4076 XV,
1121 3999 1300 4080 133xv11,
1319 4001 1351 4061 2.

418 4092 468 4155 35.
493 4095 547 4157 llis
561 4096 776 4178 adjungantur·
790 4097 867 4161 viris
884 4100 919 4158 C.
932 4113 963 4160 et
979 4101 1016 4158 L.
1036 4101 1184 4160 Meranda·
1192 4101 1315 4165 iratres.
1333 4094 1475 4160 rettudi

374 4191 497 4272 qnidam
526 4197 683 4274 pertenuis
708 4198 867 4260 memoria.
896 4199 975 4260 Nam
999 4211 1113 4280 praeter
1141 4199 1226 4262 locas
1249 4195 1474 4260 Ciceronianae
