3218 5320
687 379 754 448 381

173 524 263 601 gnori
278 537 388 599 agrum
411 541 430 576 o
450 535 577 597 patente
595 518 705 598 pupilli
726 521 888 594 accepetiu
900 533 954 596 Jos
968 531 1175 599 exsequetur:
1196 515 1277 574 niln'l

171 621 338 678 nouandum
352 640 473 679 censeo.

212 771 330 836 Tertyllo
344 781 368 821 et
380 768 520 839 Clemente]
534 787 623 818 conss.
638 787 662 820 a.
676 771 706 820 U.
717 768 779 830 9l6,
797 788 824 840 p.
838 767 903 824 Chr.
921 769 980 828 195,
997 763 1068 836 apud
1080 763 1230 818 Relundum
1246 766 1274 816 in

243 852 338 903 rastis.
605 847 608 856 ’

216 989 303 1057 Jurit
324 988 434 1064 Civilis
454 987 720 1059 tutetutinian.
740 991 843 1059 Varie.
867 991 977 1074 fragm.
999 1010 1031 1074 p.
1052 987 1093 1053 tt
1112 987 1162 1058 ed·
1181 983 1274 1055 Mai:

172 1092 250 1164 Pers
264 1092 415 1164 orationis
435 1091 631 1174 imperatoris
645 1091 774 1158 Severi:
790 1090 976 1156 Promisere
989 1088 1133 1176 facultas·
1147 1089 1278 1168 potiaris

172 1193 353 1256 nominandi
365 1197 425 1253 nisi
438 1194 519 1255 intra
533 1189 721 1273 certosfines
736 1187 924 1268 cohibeatur,
939 1192 1004 1268 ι’ριο
1019 1200 1119 1252 tractu
1132 1189 1280 1266 temporis

170 1290 304 1366 pupillos
315 1293 456 1374 fortunis
476 1294 540 1353 suit
557 1287 705 1370 privabit,
718 1291 768 1348 cui
787 1291 834 1346 rei
852 1287 976 1351 obvt'am
995 1287 1100 1360 ibitur,
1119 1283 1161 1342 P.
1177 1281 1227 1354 C·,
1251 1286 1279 1345 ti
1320 1283 1325 1300 '

172 1394 364 1462 censuerint,
378 1404 410 1452 ut
423 1388 550 1473 collegae
561 1391 659 1470 patris
678 1392 727 1452 sui
747 1387 799 1454 uel
812 1386 924 1469 pupilli
944 1391 977 1443 in
995 1387 1120 1451 decuria
1140 1383 1194 1449 vel
1210 1401 1279 1440 cor·

168 1509 258 1568 pore,
273 1495 347 1554 item
360 1494 485 1574 cognati
501 1489 555 1550 uel
570 1489 683 1576 affines
702 1491 855 1571 utriusque
875 1487 1118 1558 necessitudinis,
1137 1488 1191 1566 qui
1210 1485 1280 1562 lege

173 1587 255 1646 Jul'o
265 1603 295 1648 et
304 1589 405 1667 Papio
416 1592 540 1668 excepti
550 1601 629 1660 sunt,
637 1590 792 1665 potiorem
804 1605 864 1650 non
875 1589 1046 1658 nominent,
1059 1587 1153 1652 ceteti
1161 1583 1284 1662 mguati

174 1690 229 1746 nel
243 1687 359 1772 effus
376 1689 510 1748 amicire
528 1698 617 1766 atque
637 1685 807 1767 municipes
820 1703 874 1745 eos
888 1681 1097 1744 tutttummodn
1111 1683 1279 1747 nominent,
1303 1740 1306 1748 .

174 1809 249 1872 quos
268 1807 341 1846 cura
360 1786 542 1866 complexus
561 1806 640 1848 sum.
665 1783 699 1845 V
699 1787 847 1844 icinitatis
864 1798 968 1845 autem
982 1778 1055 1862 jure
1073 1801 1164 1844 nemo
1179 1782 1284 1858 potior

172 1889 374 1946 existimetur.

215 1983 297 2044 lbid.
314 2003 345 2067 p.
361 1981 419 2043 tt:
437 1982 520 2044 Si
535 1992 606 2041 tuus
621 1976 749 2044 nomine
764 1977 950 2061 metridtuoe
969 1977 1007 2042 de
1027 1994 1082 2042 sue
1096 1972 1230 2060 pecunia

172 2081 349 2146 donationis
361 2099 464 2156 ceusu,
477 2079 565 2159 eique
575 2077 716 2152 tradidit,
727 2089 760 2138 et
773 2079 926 2138 decedens
939 2097 1002 2140 non
1014 2072 1177 2138 revocavit
1190 2071 1230 2132 ad

173 2175 341 2241 contulisse
355 2177 491 2250 videtur,
507 2176 663 2254 intellegis
678 2176 795 2240 tritura
815 2187 845 2236 te
860 2175 939 2236 velle
958 2173 1108 2254 experiri,
1123 2189 1195 2232 eum
1210 2182 1281 2228 oro·

171 2285 252 2337 tione
266 2275 340 2338 Divi
352 2275 458 2338 Severi
476 2273 651 2356 hujusmodi
666 2277 848 2338 donationes
869 2287 938 2355 post
957 2271 1077 2335 obitum
1092 2289 1212 2344 eorum,
1229 2262 1282 2346 qui

170 2381 376 2452 donaverunt,
401 2375 625 2439 confirmentur
646 2377 682 2436 P.
702 2378 739 2438 P.
760 2376 860 2458 pridie
882 2393 958 2439 non.
979 2387 1073 2435 mort.
1094 2369 1283 2440 Antioohiae,

170 2482 270 2558 Augg.
287 2499 336 2540 ιιιι
352 2489 384 2539 ot
400 2499 437 2538 ιιι
452 2497 554 2539 conte.

207 2614 299 2684 Augg.
308 2615 378 2662 1111
380 2617 399 2676 .]
411 2611 576 2678 i.e.lmp.C.
586 2607 751 2658 Aur.Voler.
763 2607 1005 2676 Diocletianodug.
1015 2605 1279 2676 tv,et1mp.M.Aur.

244 2694 333 2744 Valeo.
345 2690 533 2741 maximiniano
544 2690 613 2758 Aug.
625 2703 654 2736 ιιι
665 2705 754 2740 conss.
765 2707 789 2738 o.
800 2691 833 2740 U.
847 2688 923 2746 tott,
933 2705 961 2755 p.
973 2688 1039 2739 Chr.
1050 2689 1112 2739 too.

286 2894 446 2970 CXXIV.
476 2890 644 2965 Aurelius
671 2892 885 2978 Antoninus,
916 2892 1038 2964 Severi
1063 2888 1169 3000 lilius.
1309 2861 1378 2937 263

218 3131 391 3216 Imperator
413 3126 590 3196 Antoninus
609 3127 776 3206 Augustus,
804 3136 878 3193 ente
898 3143 1057 3192 excessum
1084 3123 1159 3192 Divi
1173 3125 1283 3196 Severi

178 3223 278 3313 patris
291 3225 339 3286 sui
352 3223 528 3290 orationem
540 3221 649 3288 hahuit
663 3223 696 3286 iu
707 3233 818 3292 senatu
833 3241 863 3288 e.
879 3220 919 3286 U·
943 3221 1016 3298 958,
1033 3223 1082 3288 Do
1097 3222 1282 3310 corfirme-

177 3320 444 3392 discretionibus,
457 3320 753 3406 exqualragmenta
767 3315 947 3385 etiamnunc
962 3331 1095 3387 exstent.

217 3425 338 3508 Digest.
353 3421 410 3488 lib.
426 3423 541 3498 XXIV,
555 3421 603 3482 tit.
624 3445 647 3498 t,
663 3421 680 3484 3
697 3442 705 3481 ε
729 3422 777 3492 lte
792 3421 858 3492 ait:
881 3416 1023 3501 Matones
1035 3425 1130 3484 nostri
1142 3425 1222 3489 iuer
1234 3423 1280 3489 oi-

174 3537 243 3584 rum
257 3540 288 3584 et
300 3543 433 3590 uxorem
445 3523 622 3586 donationes
632 3522 863 3602 prohibuerunt,
880 3542 1023 3584 amonem
1037 3519 1196 3595 honestum
1211 3522 1284 3589 solis

174 3628 290 3684 animis
307 3627 508 3697 (estimantes,
516 3625 625 3704 semote
647 3627 745 3686 etiam
764 3617 994 3702 conjunctorum
1012 3619 1199 3686 consulentes
1208 3667 1219 3706 ,Ι
1244 3641 1283 3704 tte

175 3725 339 3786 concordia
351 3727 453 3800 pretio
463 3723 628 3791 conciliari
641 3723 806 3798 videretur,
820 3741 893 3785 neue
907 3721 1019 3782 melior
1025 3725 1057 3782 in
1068 3735 1282 3800 paupertatem

175 3825 334 3896 incideret,
362 3823 495 3891 deterior
512 3823 607 3880 ditior
609 3821 715 3904 fleret.

219 3921 298 3982 lbid.
314 3919 371 3982 lib.
387 3921 499 3994 XXIV,
517 3920 567 3986 tit.
580 3941 600 3992 t,
619 3919 655 4008 3³1
672 3941 680 3982 ε
699 3921 752 3980 Ait
765 3916 884 3989 oratio:
902 3919 966 3982 Fas
980 3939 1058 3990 erse,
1075 3937 1146 3982 eum
1155 3919 1282 4002 quidem

174 4023 228 4099 qui
246 4021 375 4078 'donavit
393 4022 562 4095 poenitere,
589 4016 734 4076 heredem
749 4039 823 4080 uero
848 4022 964 4098 eripere
972 4019 1117 4098 forsitan
1138 4017 1283 4082 adversus

177 4119 360 4178 uoluntatem
383 4116 448 4200 ejus
476 4139 670 4198 supremam,
696 4124 748 4204 pui
769 4121 943 4191 donaverit,
972 4120 1081 4178 durum
1105 4134 1134 4177 et
1153 4138 1282 4184 avertem

176 4237 254 4276 esse.
