3246 5340
680 424 750 496 889

281 639 324 689 63.
380 660 393 686 α
448 638 574 692 adversus
585 639 725 712 Lepidum.

279 733 322 783 61.
380 756 392 782 α
449 733 472 786 si
486 735 623 790 seCoelius
637 735 858 808 tribunusplebis
871 736 1042 808 appellasset.

275 829 319 882 65.
375 854 388 882 s
448 833 479 885 de
488 833 558 886 dote.

277 926 322 978 66.
379 948 392 974 α
448 946 508 980 cum
519 928 548 981 in
558 930 713 1001 Hispaniam
725 929 820 982 consul
833 928 1053 1000 proficisceretur.

275 1025 318 1074 67.
375 1046 388 1072 α
443 1024 546 1078 dierum
559 1025 687 1080 dictarum
701 1026 733 1078 de
746 1026 888 1084 msulelu
901 1043 961 1082 auo.

274 1123 318 1174 66.
375 1143 388 1170 α
444 1123 473 1174 in
486 1125 520 1191 Q.
538 1122 697 1195 Sulpicium.

275 1221 318 1272 69.
375 1241 388 1269 a
443 1221 476 1272 ‹le
488 1221 647 1294 auguribus.

275 1321 318 1371 76.
378 1344 391 1370 α
444 1321 477 1374 tle
493 1341 521 1375 re
535 1321 642 1374 Histriae
654 1322 773 1376 militari.

276 1417 320 1468 ll.
444 1430 537 1472 contra
547 1419 675 1492 Oppium.
699 1449 701 1454 .

277 1513 318 1564 72.
376 1535 388 1561 ι
445 1513 478 1566 de
486 1513 590 1586 spoliis,
601 1533 635 1567 ne
649 1514 793 1587 ligarentur
806 1514 860 1568 uisi
871 1514 903 1566 de
917 1515 992 1568 hoste
1003 1526 1090 1587 capla.

275 1611 318 1664 73.
377 1632 391 1658 «
444 1609 538 1664 AEdilis
551 1611 639 1683 plebis
653 1623 832 1664 sacrosanctos
845 1630 913 1664 csse.

161 1767 163 1772 ι
274 1707 388 1764 ll...
444 1708 653 1762 derel.ltili.

273 1805 317 1856 75.
350 1828 387 1855 ›c‹
444 1808 536 1878 proL.
550 1807 672 1860 Caesetio.

277 1904 318 1955 76.
380 1926 393 1952 α
448 1905 681 1958 contra'liberium
691 1904 801 1958 exulem.

276 2001 317 2051 77.
374 2024 386 2051 ι
441 2002 512 2074 aputl
525 2020 648 2057 censores
660 2003 690 2056 in
700 1999 854 2056 Lentulum.

276 2097 318 2149 78.
375 2120 388 2147 a
444 2117 478 2152 ne
486 2100 626 2171 imperium
638 2099 675 2153 sit
686 2099 779 2164 veleri,
795 2099 844 2152 ubi
857 2117 942 2152 nevus
955 2099 1065 2151 venerit.

277 2192 318 2244 79.
375 2215 388 2242 «
443 2213 491 2264 pro
503 2195 536 2246 L.
549 2194 632 2248 Turio
642 2207 734 2248 contra
745 2195 796 2248 Cn.
810 2193 940 2249 Gellium.

273 2290 317 2340 80.
374 2311 387 2338 α
442 2309 490 2361 pro
502 2293 533 2342 L.
545 2292 686 2344 Autronio.

274 2384 317 2433 81.
376 2407 389 2434 ι
444 2404 496 2456 qua
508 2388 593 2442 suasit
606 2389 635 2442 iu
648 2400 759 2451 senatu,
773 2387 895 2459 utplura
908 2403 959 2438 ωτι
971 2384 1104 2455 equestria
1117 2383 1163 2436 lle-

446 2495 515 2536 rent.

274 2577 317 2628 89.
381 2601 394 2627 κ
448 2581 476 2632 in
486 2580 553 2652 legis
562 2581 661 2638 lloeviae
673 2582 808 2642 suasione.

273 2677 317 2728 83.
378 2698 391 2724 u
448 2687 539 2728 contra
550 2679 581 2730 C.
598 2677 730 2738 Pinnem.

273 2773 317 2825 81.
377 2795 390 2822 α
443 2792 491 2844 pro
503 2775 534 2826 L.
545 2774 647 2830 Coesure
660 2774 693 2829 ad
703 2773 844 2846 populun.

274 2870 317 2920 85.
378 2890 390 2918 u
443 2868 661 2922 indissuadendo
672 2869 766 2941 legem,
779 2887 838 2939 que
849 2881 940 2940 postes
954 2866 1046 2921 relicta
1058 2878 1108 2920 est.

275 2966 318 3017 86.
375 2985 388 3014 a
444 2965 477 3018 (le
486 2965 677 3038 indigentibus.

274 3061 317 3113 87.
378 3083 391 3111 u
444 3062 477 3115 de
485 3063 589 3116 habitu.

274 3159 317 3210 88.
378 3182 390 3208 «
444 3161 477 3213 de
489 3161 646 3234 abmgendis
658 3161 772 3234 legibus.

275 3258 319 3308 89.
379 3281 391 3308 a
446 3258 478 3312 de
489 3260 610 3314 Laetorio.

449 3359 554 3410 Incerta
563 3356 712 3410 orationum
725 3358 880 3428 fragmenta.

206 3452 230 3502 7.
250 3452 281 3501 L.
295 3448 418 3503 AEmilius
433 3451 554 3504 Paullus.

203 3549 230 3600 6.
250 3549 281 3599 Ρ.
294 3545 435 3599 Cornelius
449 3548 538 3619 Scipio
551 3551 580 3600 P.
595 3549 625 3600 1³.

203 3647 229 3696 9.
248 3646 283 3712 Q.
297 3643 420 3696 Caecilius
433 3643 558 3697 Metellus
573 3646 604 3697 1..
618 3646 648 3696 F.

189 3742 229 3792 10.
251 3742 286 3808 Q.
300 3738 429 3794 Metellus
442 3741 637 3796 Macedonicus.

190 3838 231 3888 ll.
251 3836 282 3889 C.
297 3837 395 3892 Laelius
406 3837 527 3911 Sapiens.

188 3937 228 3988 12.
249 3937 281 3988 Τ.
292 3937 398 3990 Annius
411 3938 525 3990 Luscus.
799 3981 805 3990 .

189 4031 230 4084 18.
252 4031 288 4098 Q.
304 4032 402 4086 Fabius
418 4032 548 4086 Maximus
563 4033 728 4088 AEmilianus.

189 4130 231 4180 ll.
251 4133 280 4181 P.
298 4130 439 4184 Cornelius
452 4132 539 4204 Scipio
553 4133 693 4186 Africanus
706 4133 800 4186 minor.

190 4229 230 4282 16.
249 4226 357 4283 Servius
368 4228 503 4300 Sulpicius
515 4229 608 4284 Galba.
