3218 5320
846 383 915 457 340

229 541 300 618 222
369 520 498 581 sueton
514 519 625 597 1Grtig.
648 537 677 580 e.
705 521 762 581 16:
784 519 847 579 Titi
863 522 998 594 Labieni,
1028 521 1122 579 tbi-ii·
1147 519 1306 590 Liemutii,
1334 518 1433 577 Cassii

327 617 436 678 Severi
448 615 566 698 scripta
578 628 704 678 senatus
723 615 873 679 consultis
886 618 1003 680 abolita
1019 613 1137 698 requiri
1156 629 1189 677 et
1203 635 1268 677 esse
1284 617 1318 676 in
1334 617 1431 676 maui-

328 718 385 780 bus
399 719 595 799 lectitarique
605 715 747 800 permisit
761 717 911 798 Caligula.

373 815 458 876 Alius
473 815 510 873 T.
524 816 625 875 Attius
637 815 789 876 Labienus
803 817 841 879 C.
858 816 1019 878 Rabirium
1034 814 1256 898 perduellionis
1269 814 1434 898 postulavit

330 911 514 974 defendente
538 914 691 976 Cicerone
713 933 742 974 a.
764 917 805 980 U.
827 918 900 978 690.
931 913 1028 977 IIioa
1054 915 1175 978 Caesare
1195 917 1234 974 ud
1254 913 1434 994 Pompeium

328 1014 453 1076 transiit
472 1013 631 1096 liliumque
646 1017 765 1086 habuit,
791 1017 843 1096 qui
863 1037 896 1078 se
912 1017 1134 1098 imperatorem
1149 1017 1328 1076 Parthicum
1342 1016 1436 1094 vulgo

327 1112 556 1178 haberivuluit.
573 1118 633 1179 Dio
647 1119 734 1181 Cass.
752 1119 893 1188 XLVIII,
911 1119 962 1181 26.

371 1215 494 1280 Charis.
518 1239 551 1301 p,
576 1221 639 1284 59:
665 1221 787 1298 Clipeos
814 1221 986 1282 masculino
1008 1240 1124 1300 genere
1151 1217 1184 1280 in
1207 1219 1438 1297 significatione

331 1317 411 1377 scuti
425 1317 562 1398 ponitur,
580 1330 614 1378 ut
637 1317 790 1378 Labienus
809 1316 865 1392 ait,
883 1331 994 1380 neutro
1014 1331 1117 1378 autem
1137 1335 1254 1403 genere
1269 1315 1435 1394 imaginem

331 1411 497 1490 significat.

367 1547 518 1621 imaginem]
533 1548 655 1622 intellige
669 1550 841 1622 clipeosssom
858 1552 885 1601 in
897 1551 997 1620 quibus
1009 1552 1094 1621 imago
1107 1551 1218 1602 Caesaris
1232 1569 1355 1622 expressa
1370 1564 1438 1602 etat.

375 1677 487 1738 Seuee.
500 1678 647 1756 Excerpe.
664 1675 814 1740 Controv.
833 1697 877 1752 tv,
897 1697 967 1759 pag.
985 1677 1047 1740 tto
1066 1700 1074 1740 s
1097 1677 1196 1738 Pollio
1208 1678 1334 1743 Asinius
1358 1699 1437 1738 nun-

333 1791 424 1851 quam
440 1772 570 1834 admissa
583 1772 778 1836 multitudiue
791 1774 989 1847 declamavit,
1008 1794 1067 1836 uec
1080 1773 1127 1836 illi
1139 1771 1267 1836 ambitio
1285 1775 1321 1836 ln
1335 1774 1436 1834 studio

332 1867 438 1930 deiuit.
462 1868 584 1931 Primus
602 1869 685 1930 enim
707 1870 843 1932 omnium
864 1873 1074 1932 Romanorum
1089 1869 1249 1932 advocatis
1262 1870 1441 1931 hominibus

333 1965 449 2048 scripta
469 1986 525 2028 sua
549 1965 706 2028 recitavit.
723 1969 763 2028 Et
778 1965 851 2030 iude
866 1981 923 2042 est,
944 1968 1027 2048 quod
1049 1965 1200 2027 Labienus
1220 1967 1311 2029 homo
1327 1968 1441 2028 mentis

333 2080 427 2142 quam,
448 2059 561 2142 liuguae
578 2063 742 2126 amarioris
762 2064 838 2126 dicit
856 2085 863 2124 :
881 2063 941 2123 ille
966 2061 1157 2142 triumphalis
1176 2084 1272 2124 senen
1287 2069 1442 2122 acroaseis

333 2182 405 2222 suas
415 2183 568 2246 nunquam
577 2163 692 2242 populo
713 2169 881 2233 commisit,
899 2168 963 2224 sive
973 2166 1044 2248 quia
1055 2184 1169 2242 partim
1183 2168 1216 2222 in
1230 2163 1291 2222 illis
1305 2161 1443 2220 babuerit

321 2261 467 2339 fiduciae,
484 2267 556 2332 sive,
580 2265 661 2344 quod
680 2267 780 2341 magis
798 2263 995 2334 crediderIm,
1019 2251 1118 2322 tantus
1132 2277 1238 2322 orator
1260 2266 1393 2336 insenius
1410 2263 1443 2318 id

334 2375 408 2432 opus
423 2361 548 2436 ingenio
562 2357 766 2416 subduxerit.
798 2389 799 2392 ¹

592 2616 594 2622 .
647 2553 739 2626 XCI.
772 2553 959 2628 Cornelius
980 2509 1125 2626 liuline.

378 2757 510 2840 Quintil.
529 2760 556 2836 l,
576 2759 607 2832 5,
626 2760 644 2820 8
662 2779 671 2818 2
689 2759 725 2820 ¹Iu
740 2757 881 2820 oratione
896 2758 1038 2830 Labieni,
1055 2758 1120 2819 sive
1135 2755 1191 2818 illa
1209 2757 1345 2818 Cornelii
1360 2759 1448 2818 Galli

286 2851 287 2859 ¹
339 2871 395 2934 est,
412 2861 445 2920 in
454 2857 627 2922 Pollionem
641 2879 753 2920 casnar
767 2873 936 2922 assectator
949 2881 966 2921 e
980 2859 1083 2924 Gallia
1099 2860 1225 2920 ductum
1242 2873 1299 2921 est.

272 2996 276 3006 ’
375 2997 491 3050 Cornelii
506 2995 597 3063 Galli]
615 2996 770 3050 Cornelium
788 2997 897 3050 Gallum
909 2995 1041 3066 intelligo,
1061 2997 1107 3066 qni
1125 3015 1179 3048 nou
1197 2997 1274 3048 modo
1291 3010 1379 3048 orator
1398 2997 1444 3047 sed

412 3083 491 3134 etiam
508 3080 697 3134 aetebenimus
712 3081 859 3151 elegiarum
873 3081 986 3151 scriptur
1006 3079 1130 3132 hebetur.
1146 3080 1239 3132 Oratio
1252 3081 1281 3142 in
1297 3079 1445 3132 Pollionem

412 3165 445 3216 ab
455 3162 516 3226 aliis
524 3161 651 3226 Labieno,
658 3162 695 3215 ab
703 3163 765 3216 aliis
774 3162 854 3217 Gallo
861 3162 1054 3229 vindicabatur,
1065 3163 1127 3234 quia
1136 3163 1247 3214 oratoris
1256 3181 1353 3229 nomeu
1362 3163 1446 3214 iudici

411 3249 539 3305 orationis
551 3248 670 3300 additum
683 3268 737 3302 non
751 3261 817 3302 eret.

376 3378 485 3441 casnm]
505 3375 543 3426 De
552 3371 654 3444 origiue
663 3370 824 3442 hujusroois
833 3374 862 3432 iu
870 3375 1075 3439 commentariis,
1088 3392 1156 3444 quos
1162 3371 1307 3444 aliquando
1316 3373 1346 3427 iu
1356 3373 1444 3439 Quin-

412 3455 540 3508 titianum.
550 3455 668 3508 ederein
680 3459 765 3512 auimo
778 3469 828 3522 est,
845 3457 968 3510 dicturus
984 3477 1053 3511 aum.

381 3579 507 3644 Servius
519 3582 560 3643 ad
574 3578 664 3661 Virg.
681 3581 784 3646 Baool.
802 3581 858 3655 IX,
876 3581 938 3642 102
956 3581 1020 3644 Alii
1040 3579 1149 3643 dicunt
1163 3579 1328 3658 Virgilium
1342 3591 1442 3640 osteu-

342 3680 414 3739 dere
427 3679 571 3750 soluisse,
588 3681 668 3760 quod
676 3680 855 3742 Mantuanis
873 3699 930 3762 per
952 3679 1147 3760 iniquitatem
1163 3678 1267 3740 Alieni
1289 3677 1376 3752 Vari,
1393 3679 1444 3757 qui

341 3798 432 3856 agros
451 3779 569 3855 divisit,
586 3791 700 3860 praeter
719 3781 866 3862 palustria
880 3779 960 3841 nihil
973 3779 1119 3841 relictum
1142 3778 1192 3852 sit,
1216 3777 1298 3838 siout
1317 3797 1358 3838 eu
1372 3797 1443 3838 ora·

342 3878 428 3940 tione
453 3878 590 3938 Goinau'i
602 3883 634 3936 in
655 3879 807 3960 Aifhnum
826 3879 1022 3940 ostenditur:
1042 3877 1120 3937 ssim
1140 3871 1247 3958 jussus
1266 3882 1324 3935 tria
1340 3876 1445 3934 ,millia

236 4037 238 4044 Α
339 3997 450 4056 passus
465 4000 485 4035 a
500 3999 589 4037 muro
603 3983 632 4037 in
647 3980 766 4039 diversa
781 3978 962 4063 relinquere,
978 3993 1009 4036 ut
1023 3983 1206 4057 octingentos
1215 3997 1327 4055 passus
1341 3997 1442 4060 aqua,

238 4126 244 4140 Ι
341 4101 401 4162 qna
419 4080 609 4138 circumdata
631 4094 688 4153 est,
712 4081 916 4154 adnuetireris,
945 4080 1105 4164 reliquisti
1122 4077 1257 4161 (Vossius
1274 4079 1372 4156 legit:
1388 4080 1444 4136 vi'a

342 4181 570 4256 octingentos..
586 4178 774 4258 circumdata
787 4190 844 4250 est,
861 4198 931 4236 cum
945 4178 1153 4250 admetireris,
1171 4171 1354 4261 reliquisse.)
