<?xml version="1.0" encoding="UTF-8"?>
<!DOCTYPE html PUBLIC "-//W3C//DTD XHTML 1.0 Transitional//EN"
    "http://www.w3.org/TR/xhtml1/DTD/xhtml1-transitional.dtd">
<html xmlns="http://www.w3.org/1999/xhtml" xml:lang="en" lang="en">
 <head>
  <title>
</title>
<meta http-equiv="Content-Type" content="text/html;charset=utf-8" />
  <meta name='ocr-system' content='tesseract 3.04.00' />
  <meta name='ocr-capabilities' content='ocr_page ocr_carea ocr_par ocr_line ocrx_word'/>
</head>
<body>
  <div class='ocr_page' id='page_1' title='image "./oratorumromanor01meyegoog_0174.png"; bbox 0 0 3212 5326; ppageno 0'>
   <div class='ocr_carea' id='block_1_1' title="bbox 672 399 734 470">
    <p class='ocr_par' dir='ltr' id='par_1_1' title="bbox 672 399 734 470">
     <span class='ocr_line' id='line_1_1' title="bbox 672 399 734 470; baseline 0 0"><span class='ocrx_word' id='word_1_1' title='bbox 672 399 734 470; x_wconf 80' lang='lat'><strong>151</strong></span> 
     </span>
    </p>
   </div>
   <div class='ocr_carea' id='block_1_2' title="bbox 187 532 1256 772">
    <p class='ocr_par' dir='ltr' id='par_1_2' title="bbox 187 532 1256 772">
     <span class='ocr_line' id='line_1_2' title="bbox 187 532 1255 608; baseline 0 -20"><span class='ocrx_word' id='word_1_2' title='bbox 187 554 289 590; x_wconf 79' lang='lat' dir='ltr'><strong>serrum</strong></span> <span class='ocrx_word' id='word_1_3' title='bbox 300 534 473 608; x_wconf 80' lang='lat' dir='ltr'><strong>receptitium]</strong></span> <span class='ocrx_word' id='word_1_4' title='bbox 488 535 507 588; x_wconf 88' lang='lat' dir='ltr'><strong>i.</strong></span> <span class='ocrx_word' id='word_1_5' title='bbox 518 553 543 588; x_wconf 90' lang='lat' dir='ltr'><strong>e.</strong></span> <span class='ocrx_word' id='word_1_6' title='bbox 555 551 659 588; x_wconf 71' lang='lat' dir='ltr'><strong>servum</strong></span> <span class='ocrx_word' id='word_1_7' title='bbox 671 552 785 607; x_wconf 79' lang='lat' dir='ltr'><strong>nequam</strong></span> <span class='ocrx_word' id='word_1_8' title='bbox 795 546 824 586; x_wconf 90' lang='lat' dir='ltr'><strong>et</strong></span> <span class='ocrx_word' id='word_1_9' title='bbox 835 532 940 588; x_wconf 79' lang='lat' dir='ltr'><strong>nullius</strong></span> <span class='ocrx_word' id='word_1_10' title='bbox 950 534 1104 608; x_wconf 64' lang='lat' dir='ltr'><strong>pntih&#39;qui,</strong></span> <span class='ocrx_word' id='word_1_11' title='bbox 1115 553 1197 606; x_wconf 81' lang='lat' dir='ltr'><strong>quum</strong></span> <span class='ocrx_word' id='word_1_12' title='bbox 1212 556 1255 588; x_wconf 85' lang='lat' dir='ltr'><strong>ve-</strong></span> 
     </span>
     <span class='ocr_line' id='line_1_3' title="bbox 222 614 1256 688; baseline 0 -17"><span class='ocrx_word' id='word_1_13' title='bbox 222 637 287 671; x_wconf 88' lang='lat' dir='ltr'><strong>num</strong></span> <span class='ocrx_word' id='word_1_14' title='bbox 296 630 367 672; x_wconf 76' lang='lat' dir='ltr'><strong>esset</strong></span> <span class='ocrx_word' id='word_1_15' title='bbox 375 617 462 679; x_wconf 83' lang='lat' dir='ltr'><strong>dutus,</strong></span> <span class='ocrx_word' id='word_1_16' title='bbox 471 615 620 668; x_wconf 77' lang='lat' dir='ltr'><strong>redhibitus</strong></span> <span class='ocrx_word' id='word_1_17' title='bbox 631 615 665 667; x_wconf 93' lang='lat' dir='ltr'><strong>ob</strong></span> <span class='ocrx_word' id='word_1_18' title='bbox 676 615 785 688; x_wconf 80' lang='lat' dir='ltr'><strong>aliquod</strong></span> <span class='ocrx_word' id='word_1_19' title='bbox 793 614 898 676; x_wconf 83' lang='lat' dir='ltr'><strong>vitium,</strong></span> <span class='ocrx_word' id='word_1_20' title='bbox 909 629 1081 688; x_wconf 84' lang='lat' dir='ltr'><strong>receptusque</strong></span> <span class='ocrx_word' id='word_1_21' title='bbox 1091 618 1137 682; x_wconf 88' lang='lat' dir='ltr'><strong>sit,</strong></span> <span class='ocrx_word' id='word_1_22' title='bbox 1147 631 1178 670; x_wconf 89' lang='lat' dir='ltr'><strong>ut</strong></span> <span class='ocrx_word' id='word_1_23' title='bbox 1186 619 1256 672; x_wconf 84' lang='lat' dir='ltr'><strong>Ver-</strong></span> 
     </span>
     <span class='ocr_line' id='line_1_4' title="bbox 221 695 1256 772; baseline 0.004 -20"><span class='ocrx_word' id='word_1_24' title='bbox 221 699 279 752; x_wconf 85' lang='lat' dir='ltr'><strong>rius</strong></span> <span class='ocrx_word' id='word_1_25' title='bbox 294 697 404 752; x_wconf 85' lang='lat' dir='ltr'><strong>Flaccus</strong></span> <span class='ocrx_word' id='word_1_26' title='bbox 422 699 450 750; x_wconf 91' lang='lat' dir='ltr'><strong>in</strong></span> <span class='ocrx_word' id='word_1_27' title='bbox 468 697 538 750; x_wconf 89' lang='lat' dir='ltr'><strong>libro</strong></span> <span class='ocrx_word' id='word_1_28' title='bbox 546 697 588 749; x_wconf 83' lang='lat' dir='ltr'><strong>De</strong></span> <span class='ocrx_word' id='word_1_29' title='bbox 600 695 711 749; x_wconf 73' lang='lat' dir='ltr'><em>obscuris</em></span> <span class='ocrx_word' id='word_1_30' title='bbox 726 696 833 752; x_wconf 77' lang='lat' dir='ltr'><strong>Catonis</strong></span> <span class='ocrx_word' id='word_1_31' title='bbox 845 697 999 770; x_wconf 79' lang='lat' dir='ltr'><strong>explicaret.</strong></span> <span class='ocrx_word' id='word_1_32' title='bbox 1020 697 1071 752; x_wconf 82' lang='lat' dir='ltr'><strong>Sed</strong></span> <span class='ocrx_word' id='word_1_33' title='bbox 1080 695 1135 772; x_wconf 80' lang='lat' dir='ltr'><strong>jaun</strong></span> <span class='ocrx_word' id='word_1_34' title='bbox 1147 701 1256 756; x_wconf 76' lang='lat' dir='ltr'><strong>Gellius</strong></span> 
     </span>
    </p>
   </div>
   <div class='ocr_carea' id='block_1_3' title="bbox 142 783 1332 3467">
    <p class='ocr_par' dir='ltr' id='par_1_3' title="bbox 220 783 1257 1023">
     <span class='ocr_line' id='line_1_5' title="bbox 222 783 1257 860; baseline 0.003 -21"><span class='ocrx_word' id='word_1_35' title='bbox 222 785 300 840; x_wconf 79' lang='lat' dir='ltr'><strong>aliter</strong></span> <span class='ocrx_word' id='word_1_36' title='bbox 312 803 401 838; x_wconf 85' lang='lat' dir='ltr'><strong>vocem</strong></span> <span class='ocrx_word' id='word_1_37' title='bbox 415 783 606 856; x_wconf 86' lang='lat' dir='ltr'><strong>interpretatus</strong></span> <span class='ocrx_word' id='word_1_38' title='bbox 619 797 669 838; x_wconf 87' lang='lat' dir='ltr'><strong>est.</strong></span> <span class='ocrx_word' id='word_1_39' title='bbox 691 784 790 838; x_wconf 79' lang='lat' dir='ltr'><strong>Servus</strong></span> <span class='ocrx_word' id='word_1_40' title='bbox 807 785 961 856; x_wconf 86' lang='lat' dir='ltr'><strong>receptitiue</strong></span> <span class='ocrx_word' id='word_1_41' title='bbox 978 785 1109 858; x_wconf 82' lang='lat' dir='ltr'><strong>siguificat</strong></span> <span class='ocrx_word' id='word_1_42' title='bbox 1119 789 1257 860; x_wconf 84' lang='lat' dir='ltr'><strong>proprium</strong></span> 
     </span>
     <span class='ocr_line' id='line_1_6' title="bbox 222 872 1256 944; baseline 0.003 -18"><span class='ocrx_word' id='word_1_43' title='bbox 222 873 343 926; x_wconf 80' lang='lat' dir='ltr'><strong>mrrlieris</strong></span> <span class='ocrx_word' id='word_1_44' title='bbox 356 889 472 934; x_wconf 83' lang='lat' dir='ltr'><strong>serrum,</strong></span> <span class='ocrx_word' id='word_1_45' title='bbox 485 889 565 943; x_wconf 86' lang='lat' dir='ltr'><strong>quern</strong></span> <span class='ocrx_word' id='word_1_46' title='bbox 578 891 639 925; x_wconf 89' lang='lat' dir='ltr'><strong>curn</strong></span> <span class='ocrx_word' id='word_1_47' title='bbox 652 873 766 944; x_wconf 80' lang='lat' dir='ltr'><strong>pecunie</strong></span> <span class='ocrx_word' id='word_1_48' title='bbox 777 872 880 944; x_wconf 84' lang='lat' dir='ltr'><strong>reliqua</strong></span> <span class='ocrx_word' id='word_1_49' title='bbox 893 883 1036 944; x_wconf 76' lang='lat' dir='ltr'><strong>receperat,</strong></span> <span class='ocrx_word' id='word_1_50' title='bbox 1051 891 1137 944; x_wconf 85' lang='lat' dir='ltr'><strong>neque</strong></span> <span class='ocrx_word' id='word_1_51' title='bbox 1149 874 1256 929; x_wconf 83' lang='lat' dir='ltr'><strong>dederat</strong></span> 
     </span>
     <span class='ocr_line' id='line_1_7' title="bbox 220 959 1127 1023; baseline 0 -11"><span class='ocrx_word' id='word_1_52' title='bbox 220 960 286 1023; x_wconf 84' lang='lat' dir='ltr'><strong>doti,</strong></span> <span class='ocrx_word' id='word_1_53' title='bbox 297 959 344 1012; x_wconf 83' lang='lat' dir='ltr'><strong>sed</strong></span> <span class='ocrx_word' id='word_1_54' title='bbox 355 960 406 1012; x_wconf 90' lang='lat' dir='ltr'><strong>sihi</strong></span> <span class='ocrx_word' id='word_1_55' title='bbox 416 960 571 1014; x_wconf 77' lang='lat' dir='ltr'><strong>retinuerat.</strong></span> <span class='ocrx_word' id='word_1_56' title='bbox 1122 1007 1127 1019; x_wconf 87' lang='grc'><strong>,</strong></span> 
     </span>
    </p>

    <p class='ocr_par' dir='ltr' id='par_1_4' title="bbox 185 1041 1255 1197">
     <span class='ocr_line' id='line_1_8' title="bbox 185 1041 1255 1116; baseline 0.003 -20"><span class='ocrx_word' id='word_1_57' title='bbox 185 1041 508 1116; x_wconf 68' lang='lat' dir='ltr'><strong>rectart&#39;atquestagilare]</strong></span> <span class='ocrx_word' id='word_1_58' title='bbox 516 1042 550 1096; x_wconf 89' lang='lat' dir='ltr'><strong>de</strong></span> <span class='ocrx_word' id='word_1_59' title='bbox 559 1041 680 1096; x_wconf 75' lang='lat' dir='ltr'><strong>obeuntis</strong></span> <span class='ocrx_word' id='word_1_60' title='bbox 687 1041 795 1105; x_wconf 87' lang='lat' dir='ltr'><strong>dicitur,</strong></span> <span class='ocrx_word' id='word_1_61' title='bbox 805 1061 820 1094; x_wconf 87' lang='lat' dir='ltr'><strong>a</strong></span> <span class='ocrx_word' id='word_1_62' title='bbox 830 1042 930 1111; x_wconf 81' lang='lat' dir='ltr'><strong>quibus</strong></span> <span class='ocrx_word' id='word_1_63' title='bbox 938 1044 1052 1114; x_wconf 79' lang='lat' dir='ltr'><strong>pecunia</strong></span> <span class='ocrx_word' id='word_1_64' title='bbox 1059 1043 1161 1096; x_wconf 75' lang='lat' dir='ltr'><strong>cterh‘ta</strong></span> <span class='ocrx_word' id='word_1_65' title='bbox 1166 1063 1255 1099; x_wconf 70' lang='lat' dir='ltr'><strong>mete</strong></span> 
     </span>
     <span class='ocr_line' id='line_1_9' title="bbox 220 1127 377 1197; baseline 0.013 -19"><span class='ocrx_word' id='word_1_66' title='bbox 220 1127 377 1197; x_wconf 72' lang='lat' dir='ltr'><strong>reposcitur.</strong></span> 
     </span>
    </p>

    <p class='ocr_par' dir='ltr' id='par_1_5' title="bbox 147 1223 1256 1598">
     <span class='ocr_line' id='line_1_10' title="bbox 191 1223 1256 1305; baseline 0.005 -19"><span class='ocrx_word' id='word_1_67' title='bbox 191 1227 318 1286; x_wconf 83' lang='lat' dir='ltr'><strong>Festus:</strong></span> <span class='ocrx_word' id='word_1_68' title='bbox 331 1250 346 1282; x_wconf 86' lang='grc' dir='ltr'>ι</span> <span class='ocrx_word' id='word_1_69' title='bbox 361 1228 563 1305; x_wconf 79' lang='lat' dir='ltr'><strong>Recepriu’um</strong></span> <span class='ocrx_word' id='word_1_70' title='bbox 575 1245 695 1284; x_wconf 78' lang='lat' dir='ltr'><strong>serrum</strong></span> <span class='ocrx_word' id='word_1_71' title='bbox 707 1223 786 1286; x_wconf 87' lang='lat' dir='ltr'><strong>Cato</strong></span> <span class='ocrx_word' id='word_1_72' title='bbox 803 1224 837 1284; x_wconf 91' lang='lat' dir='ltr'><strong>in</strong></span> <span class='ocrx_word' id='word_1_73' title='bbox 855 1224 999 1288; x_wconf 81' lang='lat' dir='ltr'><strong>suasione</strong></span> <span class='ocrx_word' id='word_1_74' title='bbox 1019 1223 1097 1304; x_wconf 81' lang='lat' dir='ltr'><strong>legis</strong></span> <span class='ocrx_word' id='word_1_75' title='bbox 1111 1225 1256 1290; x_wconf 79' lang='lat' dir='ltr'><strong>Voconiae</strong></span> 
     </span>
     <span class='ocr_line' id='line_1_11' title="bbox 149 1317 1256 1404; baseline -0.001 -18"><span class='ocrx_word' id='word_1_76' title='bbox 149 1342 219 1386; x_wconf 86' lang='lat' dir='ltr'><strong>oum</strong></span> <span class='ocrx_word' id='word_1_77' title='bbox 236 1321 290 1396; x_wconf 88' lang='lat' dir='ltr'><strong>ait,</strong></span> <span class='ocrx_word' id='word_1_78' title='bbox 304 1319 470 1402; x_wconf 80' lang='lat' dir='ltr'><strong>significat,</strong></span> <span class='ocrx_word' id='word_1_79' title='bbox 483 1321 536 1404; x_wconf 90' lang='lat' dir='ltr'><strong>qui</strong></span> <span class='ocrx_word' id='word_1_80' title='bbox 550 1322 592 1384; x_wconf 90' lang='lat' dir='ltr'><strong>ob</strong></span> <span class='ocrx_word' id='word_1_81' title='bbox 604 1318 717 1384; x_wconf 74' lang='lat' dir='ltr'><strong>vitium</strong></span> <span class='ocrx_word' id='word_1_82' title='bbox 731 1317 906 1385; x_wconf 76' lang='lat' dir='ltr'><strong>redhibitus</strong></span> <span class='ocrx_word' id='word_1_83' title='bbox 917 1319 979 1384; x_wconf 73' lang='lat' dir='ltr'><strong>sits</strong></span> <span class='ocrx_word' id='word_1_84' title='bbox 1000 1323 1063 1382; x_wconf 78' lang='lat' dir='ltr'><strong>Ubi</strong></span> <span class='ocrx_word' id='word_1_85' title='bbox 1077 1324 1256 1404; x_wconf 77' lang='lat' dir='ltr'><strong>iratafactu</strong></span> 
     </span>
     <span class='ocr_line' id='line_1_12' title="bbox 147 1416 1254 1505; baseline 0 -27"><span class='ocrx_word' id='word_1_86' title='bbox 147 1433 213 1488; x_wconf 79' lang='lat' dir='ltr'><strong>est,</strong></span> <span class='ocrx_word' id='word_1_87' title='bbox 236 1437 355 1480; x_wconf 81' lang='lat' dir='ltr'><strong>servum</strong></span> <span class='ocrx_word' id='word_1_88' title='bbox 378 1423 569 1498; x_wconf 83' lang='lat' dir='ltr'><strong>receptitium</strong></span> <span class='ocrx_word' id='word_1_89' title='bbox 592 1423 705 1480; x_wconf 75' lang='lat' dir='ltr'><strong>securi</strong></span> <span class='ocrx_word' id='word_1_90' title='bbox 724 1433 815 1502; x_wconf 76' lang='lat' dir='ltr'><strong>atque</strong></span> <span class='ocrx_word' id='word_1_91' title='bbox 823 1416 980 1498; x_wconf 76' lang='lat' dir='ltr'><strong>flugitare</strong></span> <span class='ocrx_word' id='word_1_92' title='bbox 1002 1423 1105 1480; x_wconf 77' lang='lat' dir='ltr'><strong>virum</strong></span> <span class='ocrx_word' id='word_1_93' title='bbox 1118 1419 1254 1505; x_wconf 78' lang='lat' dir='ltr'><strong>jubet.»</strong></span> 
     </span>
     <span class='ocr_line' id='line_1_13' title="bbox 147 1512 1211 1598; baseline 0.002 -22"><span class='ocrx_word' id='word_1_94' title='bbox 147 1516 257 1577; x_wconf 86' lang='lat' dir='ltr'><strong>Festus</strong></span> <span class='ocrx_word' id='word_1_95' title='bbox 265 1513 371 1577; x_wconf 90' lang='lat' dir='ltr'><strong>Verrii</strong></span> <span class='ocrx_word' id='word_1_96' title='bbox 381 1512 486 1578; x_wconf 83' lang='lat' dir='ltr'><strong>Flacci</strong></span> <span class='ocrx_word' id='word_1_97' title='bbox 497 1516 596 1578; x_wconf 90' lang='lat' dir='ltr'><strong>verba</strong></span> <span class='ocrx_word' id='word_1_98' title='bbox 607 1513 745 1598; x_wconf 86' lang='lat' dir='ltr'><strong>repetiit,</strong></span> <span class='ocrx_word' id='word_1_99' title='bbox 759 1534 826 1596; x_wconf 85' lang='lat' dir='ltr'><strong>quae</strong></span> <span class='ocrx_word' id='word_1_100' title='bbox 837 1537 856 1578; x_wconf 92' lang='lat' dir='ltr'><strong>a</strong></span> <span class='ocrx_word' id='word_1_101' title='bbox 867 1516 968 1580; x_wconf 83' lang='lat' dir='ltr'><strong>Gellio</strong></span> <span class='ocrx_word' id='word_1_102' title='bbox 979 1515 1211 1598; x_wconf 79' lang='lat' dir='ltr'><strong>vituperantur.</strong></span> 
     </span>
    </p>

    <p class='ocr_par' dir='ltr' id='par_1_6' title="bbox 143 1613 1332 1890">
     <span class='ocr_line' id='line_1_14' title="bbox 189 1613 1254 1697; baseline -0.001 -18"><span class='ocrx_word' id='word_1_103' title='bbox 189 1615 311 1679; x_wconf 87' lang='lat' dir='ltr'><strong>Gellius</strong></span> <span class='ocrx_word' id='word_1_104' title='bbox 323 1616 459 1678; x_wconf 84' lang='lat' dir='ltr'><strong>ibidem:</strong></span> <span class='ocrx_word' id='word_1_105' title='bbox 477 1617 548 1697; x_wconf 88' lang='lat' dir='ltr'><strong>lpse</strong></span> <span class='ocrx_word' id='word_1_106' title='bbox 564 1613 659 1676; x_wconf 86' lang='lat' dir='ltr'><strong>etiam</strong></span> <span class='ocrx_word' id='word_1_107' title='bbox 670 1615 749 1678; x_wconf 80' lang='lat' dir='ltr'><strong>Catu</strong></span> <span class='ocrx_word' id='word_1_108' title='bbox 761 1615 924 1678; x_wconf 89' lang='lat' dir='ltr'><strong>mulierem</strong></span> <span class='ocrx_word' id='word_1_109' title='bbox 939 1618 1155 1680; x_wconf 81' lang='lat' dir='ltr'><strong>demonstrare</strong></span> <span class='ocrx_word' id='word_1_110' title='bbox 1169 1620 1254 1681; x_wconf 87' lang='lat' dir='ltr'><strong>locu·</strong></span> 
     </span>
     <span class='ocr_line' id='line_1_15' title="bbox 146 1713 1332 1800; baseline 0 -24"><span class='ocrx_word' id='word_1_111' title='bbox 146 1717 262 1798; x_wconf 88' lang='lat' dir='ltr'><strong>pleteut</strong></span> <span class='ocrx_word' id='word_1_112' title='bbox 274 1717 395 1789; x_wconf 84' lang='lat' dir='ltr'><strong>volens,</strong></span> <span class='ocrx_word' id='word_1_113' title='bbox 411 1713 537 1786; x_wconf 78' lang='lat' dir='ltr'><strong>Mulier,</strong></span> <span class='ocrx_word' id='word_1_114' title='bbox 549 1713 664 1796; x_wconf 84' lang='lat' dir='ltr'><strong>inquit,</strong></span> <span class='ocrx_word' id='word_1_115' title='bbox 679 1727 710 1774; x_wconf 85' lang='lat' dir='ltr'><strong>et</strong></span> <span class='ocrx_word' id='word_1_116' title='bbox 724 1735 872 1795; x_wconf 79' lang='lat' dir='ltr'><strong>magnum</strong></span> <span class='ocrx_word' id='word_1_117' title='bbox 886 1718 987 1777; x_wconf 81' lang='lat' dir='ltr'><strong>dotem</strong></span> <span class='ocrx_word' id='word_1_118' title='bbox 1002 1720 1055 1778; x_wconf 83' lang='lat' dir='ltr'><strong>dat</strong></span> <span class='ocrx_word' id='word_1_119' title='bbox 1065 1734 1096 1778; x_wconf 88' lang='lat' dir='ltr'><strong>et</strong></span> <span class='ocrx_word' id='word_1_120' title='bbox 1111 1737 1260 1800; x_wconf 77' lang='lat' dir='ltr'><strong>magnam</strong></span> <span class='ocrx_word' id='word_1_121' title='bbox 1285 1716 1332 1788; x_wconf 73' lang='grc'><strong>48</strong></span> 
     </span>
     <span class='ocr_line' id='line_1_16' title="bbox 143 1809 903 1890; baseline -0.001 -18"><span class='ocrx_word' id='word_1_122' title='bbox 143 1817 307 1889; x_wconf 83' lang='lat' dir='ltr'><strong>pecuniam</strong></span> <span class='ocrx_word' id='word_1_123' title='bbox 322 1816 443 1890; x_wconf 77' lang='lat' dir='ltr'><strong>recipit.</strong></span> <span class='ocrx_word' id='word_1_124' title='bbox 874 1809 877 1816; x_wconf 70' lang='lat'>&#39;</span> <span class='ocrx_word' id='word_1_125' title='bbox 899 1858 903 1871; x_wconf 96' lang='lat'><strong>.</strong></span> 
     </span>
    </p>

    <p class='ocr_par' dir='ltr' id='par_1_7' title="bbox 145 1911 1258 2194">
     <span class='ocr_line' id='line_1_17' title="bbox 190 1911 1257 1996; baseline -0.007 -22"><span class='ocrx_word' id='word_1_126' title='bbox 190 1913 311 1974; x_wconf 89' lang='lat' dir='ltr'><strong>Nouius</strong></span> <span class='ocrx_word' id='word_1_127' title='bbox 325 1933 358 1996; x_wconf 89' lang='lat' dir='ltr'><strong>p.</strong></span> <span class='ocrx_word' id='word_1_128' title='bbox 369 1911 462 1983; x_wconf 60' lang='lat' dir='ltr'><strong>bhv.</strong></span> <span class='ocrx_word' id='word_1_129' title='bbox 486 1911 692 1992; x_wconf 80' lang='lat' dir='ltr'><strong>Receptitium</strong></span> <span class='ocrx_word' id='word_1_130' title='bbox 712 1930 850 1970; x_wconf 73' lang='lat' dir='ltr'><strong>serrum.-</strong></span> <span class='ocrx_word' id='word_1_131' title='bbox 873 1913 992 1974; x_wconf 76' lang='lat' dir='ltr'><strong>«Cator</strong></span> <span class='ocrx_word' id='word_1_132' title='bbox 1010 1914 1128 1976; x_wconf 77' lang='lat' dir='ltr'><strong>Mulier</strong></span> <span class='ocrx_word' id='word_1_133' title='bbox 1140 1930 1171 1977; x_wconf 82' lang='lat' dir='ltr'><strong>et</strong></span> <span class='ocrx_word' id='word_1_134' title='bbox 1192 1937 1257 1976; x_wconf 82' lang='lat' dir='ltr'><strong>mu.</strong></span> 
     </span>
     <span class='ocr_line' id='line_1_18' title="bbox 145 2011 1258 2096; baseline 0 -26"><span class='ocrx_word' id='word_1_135' title='bbox 145 2032 243 2092; x_wconf 80' lang='lat' dir='ltr'><strong>gnam</strong></span> <span class='ocrx_word' id='word_1_136' title='bbox 267 2014 369 2072; x_wconf 79' lang='lat' dir='ltr'><strong>dotem</strong></span> <span class='ocrx_word' id='word_1_137' title='bbox 393 2011 445 2070; x_wconf 85' lang='lat' dir='ltr'><strong>dut</strong></span> <span class='ocrx_word' id='word_1_138' title='bbox 470 2025 500 2069; x_wconf 85' lang='lat' dir='ltr'><strong>et</strong></span> <span class='ocrx_word' id='word_1_139' title='bbox 515 2030 663 2090; x_wconf 79' lang='lat' dir='ltr'><strong>magnum</strong></span> <span class='ocrx_word' id='word_1_140' title='bbox 676 2013 841 2088; x_wconf 75' lang='lat' dir='ltr'><strong>perreriam</strong></span> <span class='ocrx_word' id='word_1_141' title='bbox 864 2015 1006 2072; x_wconf 78' lang='lat' dir='ltr'><strong>retinet.»</strong></span> <span class='ocrx_word' id='word_1_142' title='bbox 1033 2011 1166 2090; x_wconf 78' lang='lat' dir='ltr'><strong>Cetera,</strong></span> <span class='ocrx_word' id='word_1_143' title='bbox 1190 2035 1258 2096; x_wconf 69' lang='lat' dir='ltr'><strong>que</strong></span> 
     </span>
     <span class='ocr_line' id='line_1_19' title="bbox 149 2106 634 2194; baseline -0.008 -20"><span class='ocrx_word' id='word_1_144' title='bbox 149 2123 337 2194; x_wconf 87' lang='lat' dir='ltr'><strong>sequuntur,</strong></span> <span class='ocrx_word' id='word_1_145' title='bbox 357 2131 398 2174; x_wconf 78' lang='lat' dir='ltr'><strong>ex</strong></span> <span class='ocrx_word' id='word_1_146' title='bbox 408 2106 512 2174; x_wconf 91' lang='lat' dir='ltr'><strong>Gellio</strong></span> <span class='ocrx_word' id='word_1_147' title='bbox 525 2111 634 2192; x_wconf 88' lang='lat' dir='ltr'><strong>petita.</strong></span> 
     </span>
    </p>

    <p class='ocr_par' dir='ltr' id='par_1_8' title="bbox 145 2207 1258 2392">
     <span class='ocr_line' id='line_1_20' title="bbox 189 2207 1258 2294; baseline 0 -16"><span class='ocrx_word' id='word_1_148' title='bbox 189 2213 314 2278; x_wconf 86' lang='lat' dir='ltr'><strong>Gellius</strong></span> <span class='ocrx_word' id='word_1_149' title='bbox 325 2212 447 2288; x_wconf 79' lang='lat' dir='ltr'>v11‚13</span> <span class='ocrx_word' id='word_1_150' title='bbox 460 2233 467 2272; x_wconf 77' lang='grc' dir='ltr'>ι</span> <span class='ocrx_word' id='word_1_151' title='bbox 485 2213 525 2276; x_wconf 87' lang='lat' dir='ltr'><strong>lu</strong></span> <span class='ocrx_word' id='word_1_152' title='bbox 536 2211 578 2274; x_wconf 83' lang='lat' dir='ltr'><strong>lt.</strong></span> <span class='ocrx_word' id='word_1_153' title='bbox 591 2207 721 2276; x_wconf 87' lang='lat' dir='ltr'><strong>Catonis</strong></span> <span class='ocrx_word' id='word_1_154' title='bbox 732 2209 886 2286; x_wconf 86' lang='lat' dir='ltr'><strong>eratione,</strong></span> <span class='ocrx_word' id='word_1_155' title='bbox 901 2229 962 2292; x_wconf 84' lang='lat' dir='ltr'><strong>qua</strong></span> <span class='ocrx_word' id='word_1_156' title='bbox 973 2213 1145 2278; x_wconf 79' lang='lat' dir='ltr'><strong>Voconium</strong></span> <span class='ocrx_word' id='word_1_157' title='bbox 1157 2215 1258 2294; x_wconf 75' lang='lat' dir='ltr'><strong>legen</strong></span> 
     </span>
     <span class='ocr_line' id='line_1_21' title="bbox 145 2304 1115 2392; baseline -0.003 -20"><span class='ocrx_word' id='word_1_158' title='bbox 145 2305 257 2384; x_wconf 83' lang='lat' dir='ltr'><strong>suasit,</strong></span> <span class='ocrx_word' id='word_1_159' title='bbox 272 2311 367 2392; x_wconf 84' lang='lat' dir='ltr'><strong>quaeri</strong></span> <span class='ocrx_word' id='word_1_160' title='bbox 379 2309 469 2384; x_wconf 86' lang='lat' dir='ltr'><strong>solet,</strong></span> <span class='ocrx_word' id='word_1_161' title='bbox 482 2306 555 2388; x_wconf 89' lang='lat' dir='ltr'><strong>quid</strong></span> <span class='ocrx_word' id='word_1_162' title='bbox 566 2304 607 2370; x_wconf 92' lang='lat' dir='ltr'><strong>sit</strong></span> <span class='ocrx_word' id='word_1_163' title='bbox 617 2307 777 2380; x_wconf 73' lang='lat' dir='ltr'><strong>cusstcus,</strong></span> <span class='ocrx_word' id='word_1_164' title='bbox 790 2306 864 2386; x_wconf 89' lang='lat' dir='ltr'><strong>quid</strong></span> <span class='ocrx_word' id='word_1_165' title='bbox 876 2308 961 2390; x_wconf 70' lang='lat' dir='ltr'><strong>irfia</strong></span> <span class='ocrx_word' id='word_1_166' title='bbox 971 2307 1115 2370; x_wconf 81' lang='lat' dir='ltr'><strong>classem.</strong></span> 
     </span>
    </p>

    <p class='ocr_par' dir='ltr' id='par_1_9' title="bbox 142 2403 1259 3082">
     <span class='ocr_line' id='line_1_22' title="bbox 188 2403 1258 2490; baseline 0.002 -20"><span class='ocrx_word' id='word_1_167' title='bbox 188 2405 347 2470; x_wconf 83' lang='lat' dir='ltr'><strong>Voconius</strong></span> <span class='ocrx_word' id='word_1_168' title='bbox 362 2427 474 2490; x_wconf 90' lang='lat' dir='ltr'><strong>nempe</strong></span> <span class='ocrx_word' id='word_1_169' title='bbox 489 2407 590 2486; x_wconf 83' lang='lat' dir='ltr'><strong>legem</strong></span> <span class='ocrx_word' id='word_1_170' title='bbox 604 2407 731 2478; x_wconf 84' lang='lat' dir='ltr'><strong>tulerat,</strong></span> <span class='ocrx_word' id='word_1_171' title='bbox 749 2403 884 2485; x_wconf 86' lang='lat' dir='ltr'><strong>nequis,</strong></span> <span class='ocrx_word' id='word_1_172' title='bbox 901 2403 955 2488; x_wconf 85' lang='lat' dir='ltr'><strong>qui</strong></span> <span class='ocrx_word' id='word_1_173' title='bbox 969 2426 1080 2470; x_wconf 86' lang='lat' dir='ltr'><strong>census</strong></span> <span class='ocrx_word' id='word_1_174' title='bbox 1093 2407 1258 2472; x_wconf 80' lang='lat' dir='ltr'><strong>dicebatur</strong></span> 
     </span>
     <span class='ocr_line' id='line_1_23' title="bbox 144 2501 1258 2584; baseline 0.005 -20"><span class='ocrx_word' id='word_1_175' title='bbox 144 2501 212 2566; x_wconf 86' lang='lat' dir='ltr'><strong>sive</strong></span> <span class='ocrx_word' id='word_1_176' title='bbox 220 2505 382 2578; x_wconf 82' lang='lat' dir='ltr'><strong>classicus,</strong></span> <span class='ocrx_word' id='word_1_177' title='bbox 393 2505 418 2565; x_wconf 91' lang='lat' dir='ltr'><strong>i.</strong></span> <span class='ocrx_word' id='word_1_178' title='bbox 428 2523 458 2566; x_wconf 90' lang='lat' dir='ltr'><strong>e.</strong></span> <span class='ocrx_word' id='word_1_179' title='bbox 468 2504 520 2582; x_wconf 87' lang='lat' dir='ltr'><strong>qui</strong></span> <span class='ocrx_word' id='word_1_180' title='bbox 531 2504 564 2564; x_wconf 90' lang='lat' dir='ltr'><strong>in</strong></span> <span class='ocrx_word' id='word_1_181' title='bbox 573 2503 688 2566; x_wconf 77' lang='lat' dir='ltr'><strong>civium</strong></span> <span class='ocrx_word' id='word_1_182' title='bbox 699 2501 798 2584; x_wconf 87' lang='lat' dir='ltr'><strong>prima</strong></span> <span class='ocrx_word' id='word_1_183' title='bbox 810 2501 909 2564; x_wconf 85' lang='lat' dir='ltr'><strong>classe</strong></span> <span class='ocrx_word' id='word_1_184' title='bbox 919 2523 1031 2568; x_wconf 86' lang='lat' dir='ltr'><strong>census</strong></span> <span class='ocrx_word' id='word_1_185' title='bbox 1041 2519 1100 2579; x_wconf 87' lang='lat' dir='ltr'><strong>est,</strong></span> <span class='ocrx_word' id='word_1_186' title='bbox 1109 2507 1258 2570; x_wconf 82' lang='lat' dir='ltr'><strong>heredem</strong></span> 
     </span>
     <span class='ocr_line' id='line_1_24' title="bbox 144 2601 1257 2690; baseline 0.005 -26"><span class='ocrx_word' id='word_1_187' title='bbox 144 2603 340 2684; x_wconf 86' lang='lat' dir='ltr'><strong>relinqueret</strong></span> <span class='ocrx_word' id='word_1_188' title='bbox 349 2601 458 2666; x_wconf 89' lang='lat' dir='ltr'><strong>filiam.</strong></span> <span class='ocrx_word' id='word_1_189' title='bbox 475 2603 581 2688; x_wconf 86' lang='lat' dir='ltr'><strong>Quare</strong></span> <span class='ocrx_word' id='word_1_190' title='bbox 595 2601 685 2664; x_wconf 85' lang='lat' dir='ltr'><strong>facile</strong></span> <span class='ocrx_word' id='word_1_191' title='bbox 699 2601 833 2680; x_wconf 77' lang='lat' dir='ltr'><strong>intelligi</strong></span> <span class='ocrx_word' id='word_1_192' title='bbox 847 2615 960 2684; x_wconf 85' lang='lat' dir='ltr'><strong>petest,</strong></span> <span class='ocrx_word' id='word_1_193' title='bbox 974 2624 1031 2668; x_wconf 90' lang='lat' dir='ltr'><strong>cur</strong></span> <span class='ocrx_word' id='word_1_194' title='bbox 1041 2607 1190 2670; x_wconf 88' lang='lat' dir='ltr'><strong>aCatuue</strong></span> <span class='ocrx_word' id='word_1_195' title='bbox 1199 2625 1257 2690; x_wconf 88' lang='lat' dir='ltr'><strong>pro</strong></span> 
     </span>
     <span class='ocr_line' id='line_1_25' title="bbox 145 2699 1259 2784; baseline 0.005 -22"><span class='ocrx_word' id='word_1_196' title='bbox 145 2722 230 2764; x_wconf 83' lang='lat' dir='ltr'><strong>nera</strong></span> <span class='ocrx_word' id='word_1_197' title='bbox 247 2699 318 2782; x_wconf 83' lang='lat' dir='ltr'><strong>lege</strong></span> <span class='ocrx_word' id='word_1_198' title='bbox 333 2716 445 2784; x_wconf 82' lang='lat' dir='ltr'><strong>agente</strong></span> <span class='ocrx_word' id='word_1_199' title='bbox 460 2714 664 2782; x_wconf 71' lang='lat' dir='ltr'><strong>quereretur,</strong></span> <span class='ocrx_word' id='word_1_200' title='bbox 678 2699 751 2779; x_wconf 91' lang='lat' dir='ltr'><strong>quid</strong></span> <span class='ocrx_word' id='word_1_201' title='bbox 769 2699 810 2760; x_wconf 87' lang='lat' dir='ltr'><strong>sit</strong></span> <span class='ocrx_word' id='word_1_202' title='bbox 826 2699 974 2762; x_wconf 74' lang='lat' dir='ltr'><strong>ehericus</strong></span> <span class='ocrx_word' id='word_1_203' title='bbox 991 2704 1042 2765; x_wconf 83' lang='lat' dir='ltr'><strong>vel</strong></span> <span class='ocrx_word' id='word_1_204' title='bbox 1063 2719 1197 2784; x_wconf 85' lang='lat' dir='ltr'><strong>quantus</strong></span> <span class='ocrx_word' id='word_1_205' title='bbox 1216 2705 1259 2768; x_wconf 86' lang='lat' dir='ltr'><strong>sit</strong></span> 
     </span>
     <span class='ocr_line' id='line_1_26' title="bbox 144 2795 1255 2880; baseline 0.002 -20"><span class='ocrx_word' id='word_1_206' title='bbox 144 2797 215 2880; x_wconf 85' lang='lat' dir='ltr'><strong>ejus</strong></span> <span class='ocrx_word' id='word_1_207' title='bbox 228 2818 350 2860; x_wconf 89' lang='lat' dir='ltr'><strong>census.</strong></span> <span class='ocrx_word' id='word_1_208' title='bbox 364 2797 455 2862; x_wconf 84' lang='lat' dir='ltr'><strong>Coul.</strong></span> <span class='ocrx_word' id='word_1_209' title='bbox 468 2797 561 2858; x_wconf 88' lang='lat' dir='ltr'><strong>Kind.</strong></span> <span class='ocrx_word' id='word_1_210' title='bbox 577 2817 608 2878; x_wconf 91' lang='lat' dir='ltr'><strong>p.</strong></span> <span class='ocrx_word' id='word_1_211' title='bbox 624 2795 664 2856; x_wconf 80' lang='lat'><strong>25</strong></span> <span class='ocrx_word' id='word_1_212' title='bbox 675 2799 723 2874; x_wconf 75' lang='lat' dir='ltr'><strong>sq.</strong></span> <span class='ocrx_word' id='word_1_213' title='bbox 745 2807 837 2874; x_wconf 84' lang='lat' dir='ltr'><strong>etque</strong></span> <span class='ocrx_word' id='word_1_214' title='bbox 852 2799 1008 2878; x_wconf 81' lang='lat' dir='ltr'><strong>praecipue</strong></span> <span class='ocrx_word' id='word_1_215' title='bbox 1018 2796 1162 2860; x_wconf 86' lang='lat' dir='ltr'><strong>Niebuhr</strong></span> <span class='ocrx_word' id='word_1_216' title='bbox 1173 2803 1255 2862; x_wconf 88' lang='lat' dir='ltr'><strong>llist.</strong></span> 
     </span>
     <span class='ocr_line' id='line_1_27' title="bbox 142 2891 1259 2983; baseline 0.004 -21"><span class='ocrx_word' id='word_1_217' title='bbox 142 2902 240 2962; x_wconf 83' lang='lat' dir='ltr'><strong>Rom.</strong></span> <span class='ocrx_word' id='word_1_218' title='bbox 262 2902 299 2962; x_wconf 89' lang='lat' dir='ltr'><strong>T.</strong></span> <span class='ocrx_word' id='word_1_219' title='bbox 324 2901 350 2972; x_wconf 90' lang='lat' dir='ltr'><strong>l,</strong></span> <span class='ocrx_word' id='word_1_220' title='bbox 374 2920 405 2980; x_wconf 85' lang='lat' dir='ltr'><strong>p.</strong></span> <span class='ocrx_word' id='word_1_221' title='bbox 425 2897 500 2962; x_wconf 84' lang='lat'><strong>459.</strong></span> <span class='ocrx_word' id='word_1_222' title='bbox 535 2891 598 2983; x_wconf 79' lang='lat' dir='ltr'><strong>[ne</strong></span> <span class='ocrx_word' id='word_1_223' title='bbox 618 2895 688 2974; x_wconf 82' lang='lat' dir='ltr'><strong>lege</strong></span> <span class='ocrx_word' id='word_1_224' title='bbox 714 2891 865 2956; x_wconf 83' lang='lat' dir='ltr'><strong>Voconia.</strong></span> <span class='ocrx_word' id='word_1_225' title='bbox 886 2915 922 2956; x_wconf 83' lang='lat' dir='ltr'><strong>v.</strong></span> <span class='ocrx_word' id='word_1_226' title='bbox 938 2908 1091 2978; x_wconf 80' lang='lat' dir='ltr'><strong>preterea</strong></span> <span class='ocrx_word' id='word_1_227' title='bbox 1108 2896 1218 2962; x_wconf 87' lang='lat' dir='ltr'><strong>citatos</strong></span> <span class='ocrx_word' id='word_1_228' title='bbox 1239 2921 1259 2966; x_wconf 80' lang='lat' dir='ltr'><strong>a</strong></span> 
     </span>
     <span class='ocr_line' id='line_1_28' title="bbox 146 2987 498 3082; baseline -0.006 -22"><span class='ocrx_word' id='word_1_229' title='bbox 146 2995 285 3064; x_wconf 88' lang='lat' dir='ltr'><strong>Bolhuis.</strong></span> <span class='ocrx_word' id='word_1_230' title='bbox 307 3017 340 3080; x_wconf 91' lang='lat' dir='ltr'><strong>p.</strong></span> <span class='ocrx_word' id='word_1_231' title='bbox 358 2995 418 3058; x_wconf 84' lang='lat'><strong>152</strong></span> <span class='ocrx_word' id='word_1_232' title='bbox 434 2987 498 3082; x_wconf 91' lang='lat' dir='ltr'><strong>sq.]</strong></span> 
     </span>
    </p>

    <p class='ocr_par' dir='ltr' id='par_1_10' title="bbox 146 3085 1258 3467">
     <span class='ocr_line' id='line_1_29' title="bbox 191 3085 1254 3172; baseline 0.003 -16"><span class='ocrx_word' id='word_1_233' title='bbox 191 3089 321 3156; x_wconf 85' lang='lat' dir='ltr'><strong>Servius</strong></span> <span class='ocrx_word' id='word_1_234' title='bbox 341 3093 380 3156; x_wconf 85' lang='lat' dir='ltr'><strong>ad</strong></span> <span class='ocrx_word' id='word_1_235' title='bbox 395 3089 484 3172; x_wconf 75' lang='lat' dir='ltr'><strong>Virg.</strong></span> <span class='ocrx_word' id='word_1_236' title='bbox 505 3092 576 3154; x_wconf 85' lang='lat' dir='ltr'><strong>AEn.</strong></span> <span class='ocrx_word' id='word_1_237' title='bbox 598 3091 623 3162; x_wconf 87' lang='lat' dir='ltr'><strong>l,</strong></span> <span class='ocrx_word' id='word_1_238' title='bbox 643 3088 724 3152; x_wconf 79' lang='lat'><strong>573:</strong></span> <span class='ocrx_word' id='word_1_239' title='bbox 741 3085 797 3152; x_wconf 79' lang='lat' dir='ltr'><strong>Ait</strong></span> <span class='ocrx_word' id='word_1_240' title='bbox 810 3088 888 3151; x_wconf 88' lang='lat' dir='ltr'><strong>Cato</strong></span> <span class='ocrx_word' id='word_1_241' title='bbox 902 3089 936 3152; x_wconf 89' lang='lat' dir='ltr'><strong>in</strong></span> <span class='ocrx_word' id='word_1_242' title='bbox 951 3090 1052 3169; x_wconf 83' lang='lat' dir='ltr'><strong>legem</strong></span> <span class='ocrx_word' id='word_1_243' title='bbox 1062 3090 1254 3159; x_wconf 79' lang='lat' dir='ltr'><strong>Voconiamr</strong></span> 
     </span>
     <span class='ocr_line' id='line_1_30' title="bbox 147 3183 1257 3282; baseline 0.007 -34"><span class='ocrx_word' id='word_1_244' title='bbox 147 3189 275 3270; x_wconf 79' lang='lat' dir='ltr'><strong>Agrum</strong></span> <span class='ocrx_word' id='word_1_245' title='bbox 283 3209 374 3276; x_wconf 82' lang='lat' dir='ltr'><strong>quem</strong></span> <span class='ocrx_word' id='word_1_246' title='bbox 383 3193 438 3246; x_wconf 79' lang='lat' dir='ltr'><strong>vir</strong></span> <span class='ocrx_word' id='word_1_247' title='bbox 444 3185 544 3257; x_wconf 83' lang='lat' dir='ltr'><strong>habet,</strong></span> <span class='ocrx_word' id='word_1_248' title='bbox 553 3186 676 3262; x_wconf 81' lang='lat' dir='ltr'><strong>tollitur,</strong></span> <span class='ocrx_word' id='word_1_249' title='bbox 685 3187 794 3250; x_wconf 87' lang='lat' dir='ltr'><strong>eedem</strong></span> <span class='ocrx_word' id='word_1_250' title='bbox 804 3187 973 3261; x_wconf 86' lang='lat' dir='ltr'><strong>schemate,</strong></span> <span class='ocrx_word' id='word_1_251' title='bbox 982 3209 1042 3269; x_wconf 81' lang='lat' dir='ltr'><strong>quo</strong></span> <span class='ocrx_word' id='word_1_252' title='bbox 1048 3183 1257 3282; x_wconf 70' lang='lat' dir='ltr'><strong>[Terentiusjs</strong></span> 
     </span>
     <span class='ocr_line' id='line_1_31' title="bbox 146 3285 1258 3374; baseline -0.002 -24"><span class='ocrx_word' id='word_1_253' title='bbox 146 3287 339 3364; x_wconf 78' lang='lat' dir='ltr'><strong>Eunuchum,</strong></span> <span class='ocrx_word' id='word_1_254' title='bbox 350 3311 441 3374; x_wconf 83' lang='lat' dir='ltr'><strong>quem</strong></span> <span class='ocrx_word' id='word_1_255' title='bbox 452 3287 563 3349; x_wconf 82' lang='lat' dir='ltr'><strong>dedisti</strong></span> <span class='ocrx_word' id='word_1_256' title='bbox 570 3286 669 3362; x_wconf 76' lang='lat' dir='ltr'><strong>nobie,</strong></span> <span class='ocrx_word' id='word_1_257' title='bbox 682 3307 758 3372; x_wconf 81' lang='lat' dir='ltr'><strong>quas</strong></span> <span class='ocrx_word' id='word_1_258' title='bbox 768 3285 872 3347; x_wconf 84' lang='lat' dir='ltr'><strong>turbas</strong></span> <span class='ocrx_word' id='word_1_259' title='bbox 882 3287 983 3354; x_wconf 80' lang='lat' dir='ltr'><strong>dedit!</strong></span> <span class='ocrx_word' id='word_1_260' title='bbox 990 3309 1049 3374; x_wconf 85' lang='lat' dir='ltr'><strong>pro</strong></span> <span class='ocrx_word' id='word_1_261' title='bbox 1057 3294 1156 3374; x_wconf 71' lang='lat' dir='ltr'><strong>Ager,</strong></span> <span class='ocrx_word' id='word_1_262' title='bbox 1166 3314 1258 3374; x_wconf 75' lang='lat' dir='ltr'><strong>quem</strong></span> 
     </span>
     <span class='ocr_line' id='line_1_32' title="bbox 148 3389 469 3467; baseline -0.012 -13"><span class='ocrx_word' id='word_1_263' title='bbox 148 3391 199 3454; x_wconf 80' lang='lat' dir='ltr'><strong>vir</strong></span> <span class='ocrx_word' id='word_1_264' title='bbox 210 3389 318 3467; x_wconf 82' lang='lat' dir='ltr'><strong>habet,</strong></span> <span class='ocrx_word' id='word_1_265' title='bbox 332 3389 469 3451; x_wconf 84' lang='lat' dir='ltr'><strong>tollitur.</strong></span> 
     </span>
    </p>
   </div>
   <div class='ocr_carea' id='block_1_4' title="bbox 184 3520 1258 3762">
    <p class='ocr_par' dir='ltr' id='par_1_11' title="bbox 184 3520 1258 3762">
     <span class='ocr_line' id='line_1_33' title="bbox 184 3520 1256 3599; baseline 0.006 -24"><span class='ocrx_word' id='word_1_266' title='bbox 184 3527 215 3582; x_wconf 71' lang='grc' dir='ltr'><strong>ι’,ι1</strong></span> <span class='ocrx_word' id='word_1_267' title='bbox 223 3529 306 3599; x_wconf 65' lang='lat' dir='ltr'><strong>legem</strong></span> <span class='ocrx_word' id='word_1_268' title='bbox 313 3526 460 3594; x_wconf 68' lang='lat' dir='ltr'><strong>Vocarium]</strong></span> <span class='ocrx_word' id='word_1_269' title='bbox 476 3526 495 3580; x_wconf 90' lang='lat' dir='ltr'><strong>i.</strong></span> <span class='ocrx_word' id='word_1_270' title='bbox 506 3543 532 3580; x_wconf 82' lang='lat' dir='ltr'><strong>e.</strong></span> <span class='ocrx_word' id='word_1_271' title='bbox 548 3520 582 3578; x_wconf 83' lang='lat' dir='ltr'><strong>de</strong></span> <span class='ocrx_word' id='word_1_272' title='bbox 596 3523 654 3594; x_wconf 67' lang='lat' dir='ltr'><strong>lege</strong></span> <span class='ocrx_word' id='word_1_273' title='bbox 664 3521 794 3583; x_wconf 78' lang='lat' dir='ltr'><strong>Voconia,</strong></span> <span class='ocrx_word' id='word_1_274' title='bbox 805 3534 837 3574; x_wconf 84' lang='lat' dir='ltr'><strong>ut</strong></span> <span class='ocrx_word' id='word_1_275' title='bbox 847 3521 878 3574; x_wconf 77' lang='lat' dir='ltr'><strong>ia</strong></span> <span class='ocrx_word' id='word_1_276' title='bbox 890 3523 1084 3586; x_wconf 72' lang='grc' dir='ltr'><strong>Βιιιωῦἱιοιο,</strong></span> <span class='ocrx_word' id='word_1_277' title='bbox 1092 3543 1117 3580; x_wconf 87' lang='lat' dir='ltr'><strong>c.</strong></span> <span class='ocrx_word' id='word_1_278' title='bbox 1128 3527 1175 3592; x_wconf 78' lang='lat' dir='ltr'><strong>tt,</strong></span> <span class='ocrx_word' id='word_1_279' title='bbox 1189 3530 1256 3582; x_wconf 65' lang='lat' dir='ltr'><strong>tete</strong></span> 
     </span>
     <span class='ocr_line' id='line_1_34' title="bbox 218 3604 1258 3684; baseline 0.003 -22"><span class='ocrx_word' id='word_1_280' title='bbox 218 3613 279 3664; x_wconf 74' lang='lat' dir='ltr'><strong>Illa</strong></span> <span class='ocrx_word' id='word_1_281' title='bbox 287 3611 316 3664; x_wconf 82' lang='lat' dir='ltr'><strong>in</strong></span> <span class='ocrx_word' id='word_1_282' title='bbox 328 3612 408 3684; x_wconf 73' lang='lat' dir='ltr'><strong>legem</strong></span> <span class='ocrx_word' id='word_1_283' title='bbox 421 3607 549 3682; x_wconf 65' lang='lat' dir='ltr'><strong>Capeno</strong></span> <span class='ocrx_word' id='word_1_284' title='bbox 559 3605 654 3670; x_wconf 63' lang='lat' dir='ltr'><strong>aare,</strong></span> <span class='ocrx_word' id='word_1_285' title='bbox 663 3604 682 3658; x_wconf 85' lang='lat' dir='ltr'><strong>i.</strong></span> <span class='ocrx_word' id='word_1_286' title='bbox 690 3623 718 3658; x_wconf 89' lang='lat' dir='ltr'><strong>e.</strong></span> <span class='ocrx_word' id='word_1_287' title='bbox 728 3605 818 3660; x_wconf 69' lang='lat' dir='ltr'><strong>cruet</strong></span> <span class='ocrx_word' id='word_1_288' title='bbox 830 3607 915 3660; x_wconf 83' lang='lat' dir='ltr'><strong>oratio</strong></span> <span class='ocrx_word' id='word_1_289' title='bbox 926 3625 976 3678; x_wconf 87' lang='lat' dir='ltr'><strong>pro</strong></span> <span class='ocrx_word' id='word_1_290' title='bbox 988 3607 1048 3680; x_wconf 69' lang='lat' dir='ltr'><strong>lupe</strong></span> <span class='ocrx_word' id='word_1_291' title='bbox 1057 3609 1258 3670; x_wconf 57' lang='lat' dir='ltr'><strong>SuwilimVide</strong></span> 
     </span>
     <span class='ocr_line' id='line_1_35' title="bbox 221 3688 956 3762; baseline -0.011 -13"><span class='ocrx_word' id='word_1_292' title='bbox 221 3697 306 3750; x_wconf 89' lang='lat' dir='ltr'><strong>Beier.</strong></span> <span class='ocrx_word' id='word_1_293' title='bbox 318 3696 351 3748; x_wconf 89' lang='lat' dir='ltr'><strong>ad</strong></span> <span class='ocrx_word' id='word_1_294' title='bbox 360 3697 417 3748; x_wconf 90' lang='lat' dir='ltr'><strong>Cic.</strong></span> <span class='ocrx_word' id='word_1_295' title='bbox 429 3697 468 3746; x_wconf 89' lang='lat' dir='ltr'><strong>De</strong></span> <span class='ocrx_word' id='word_1_296' title='bbox 481 3693 553 3745; x_wconf 85' lang='lat' dir='ltr'><strong>offic.</strong></span> <span class='ocrx_word' id='word_1_297' title='bbox 564 3693 586 3752; x_wconf 89' lang='lat' dir='ltr'><strong>l,</strong></span> <span class='ocrx_word' id='word_1_298' title='bbox 597 3693 623 3755; x_wconf 88' lang='lat'><strong>9,</strong></span> <span class='ocrx_word' id='word_1_299' title='bbox 635 3690 781 3761; x_wconf 89' lang='lat' dir='ltr'><strong>apriuc.—</strong></span> <span class='ocrx_word' id='word_1_300' title='bbox 789 3688 864 3742; x_wconf 80' lang='lat' dir='ltr'><strong>Adde</strong></span> <span class='ocrx_word' id='word_1_301' title='bbox 873 3710 901 3762; x_wconf 92' lang='lat' dir='ltr'><strong>p.</strong></span> <span class='ocrx_word' id='word_1_302' title='bbox 912 3691 956 3743; x_wconf 81' lang='grc'><strong>86.</strong></span> 
     </span>
    </p>
   </div>
   <div class='ocr_carea' id='block_1_5' title="bbox 371 3847 1010 3923">
    <p class='ocr_par' dir='ltr' id='par_1_12' title="bbox 371 3847 1010 3923">
     <span class='ocr_line' id='line_1_36' title="bbox 371 3847 1010 3923; baseline -0.011 0"><span class='ocrx_word' id='word_1_303' title='bbox 371 3847 373 3854; x_wconf 31' lang='lat'><strong><em>¹</em></strong></span> <span class='ocrx_word' id='word_1_304' title='bbox 389 3859 440 3923; x_wconf 75' lang='lat'><strong>39·</strong></span> <span class='ocrx_word' id='word_1_305' title='bbox 464 3877 575 3922; x_wconf 76' lang='lat' dir='ltr'><strong>ontrto</strong></span> <span class='ocrx_word' id='word_1_306' title='bbox 590 3879 629 3918; x_wconf 80' lang='lat' dir='ltr'><strong>DE</strong></span> <span class='ocrx_word' id='word_1_307' title='bbox 645 3875 816 3918; x_wconf 69' lang='lat' dir='ltr'><strong>cucumula</strong></span> <span class='ocrx_word' id='word_1_308' title='bbox 831 3876 1010 3922; x_wconf 73' lang='lat' dir='ltr'><strong>utentum.</strong></span> 
     </span>
    </p>
   </div>
   <div class='ocr_carea' id='block_1_6' title="bbox 104 4017 1256 4306">
    <p class='ocr_par' dir='ltr' id='par_1_13' title="bbox 104 4017 1256 4306">
     <span class='ocr_line' id='line_1_37' title="bbox 192 4017 1256 4106; baseline -0.001 -15"><span class='ocrx_word' id='word_1_309' title='bbox 192 4033 266 4096; x_wconf 86' lang='lat' dir='ltr'><strong>Post</strong></span> <span class='ocrx_word' id='word_1_310' title='bbox 276 4029 393 4090; x_wconf 82' lang='lat' dir='ltr'><strong>Persen</strong></span> <span class='ocrx_word' id='word_1_311' title='bbox 406 4027 527 4090; x_wconf 81' lang='lat' dir='ltr'><strong>rictum</strong></span> <span class='ocrx_word' id='word_1_312' title='bbox 540 4019 663 4086; x_wconf 76' lang='lat' dir='ltr'><strong>senatui</strong></span> <span class='ocrx_word' id='word_1_313' title='bbox 677 4017 808 4106; x_wconf 77' lang='lat' dir='ltr'><strong>placuit,</strong></span> <span class='ocrx_word' id='word_1_314' title='bbox 820 4021 1033 4085; x_wconf 73' lang='lat' dir='ltr'><strong>Macedoniam</strong></span> <span class='ocrx_word' id='word_1_315' title='bbox 1043 4041 1112 4088; x_wconf 86' lang='lat' dir='ltr'><strong>esse</strong></span> <span class='ocrx_word' id='word_1_316' title='bbox 1119 4025 1256 4091; x_wconf 85' lang='lat' dir='ltr'><strong>liberan-</strong></span> 
     </span>
     <span class='ocr_line' id='line_1_38' title="bbox 104 4120 1256 4204; baseline -0.012 -10"><span class='ocrx_word' id='word_1_317' title='bbox 104 4195 109 4204; x_wconf 67' lang='grc'><strong>,</strong></span> <span class='ocrx_word' id='word_1_318' title='bbox 151 4131 234 4193; x_wconf 82' lang='lat' dir='ltr'><strong>dem.</strong></span> <span class='ocrx_word' id='word_1_319' title='bbox 250 4131 294 4192; x_wconf 87' lang='lat' dir='ltr'><strong>Ea</strong></span> <span class='ocrx_word' id='word_1_320' title='bbox 308 4131 347 4194; x_wconf 80' lang='lat' dir='ltr'><strong>de</strong></span> <span class='ocrx_word' id='word_1_321' title='bbox 361 4147 399 4192; x_wconf 92' lang='lat' dir='ltr'><strong>re</strong></span> <span class='ocrx_word' id='word_1_322' title='bbox 410 4129 488 4192; x_wconf 83' lang='lat' dir='ltr'><strong>Ceto</strong></span> <span class='ocrx_word' id='word_1_323' title='bbox 499 4126 678 4189; x_wconf 81' lang='lat' dir='ltr'><strong>orationem·</strong></span> <span class='ocrx_word' id='word_1_324' title='bbox 688 4120 767 4186; x_wconf 82' lang='lat' dir='ltr'><strong>dirit</strong></span> <span class='ocrx_word' id='word_1_325' title='bbox 781 4141 865 4186; x_wconf 87' lang='lat' dir='ltr'><strong>aune</strong></span> <span class='ocrx_word' id='word_1_326' title='bbox 877 4126 950 4200; x_wconf 83' lang='grc'><strong>586,</strong></span> <span class='ocrx_word' id='word_1_327' title='bbox 967 4137 1002 4186; x_wconf 88' lang='lat' dir='ltr'><strong>nt</strong></span> <span class='ocrx_word' id='word_1_328' title='bbox 1013 4144 1053 4187; x_wconf 84' lang='lat' dir='ltr'><strong>ex</strong></span> <span class='ocrx_word' id='word_1_329' title='bbox 1067 4127 1155 4192; x_wconf 69' lang='lat' dir='ltr'>Livio</span> <span class='ocrx_word' id='word_1_330' title='bbox 1169 4127 1256 4193; x_wconf 68' lang='lat' dir='ltr'><strong>cossi.</strong></span> 
     </span>
     <span class='ocr_line' id='line_1_39' title="bbox 152 4223 1115 4306; baseline -0.006 -13"><span class='ocrx_word' id='word_1_331' title='bbox 152 4225 237 4306; x_wconf 73' lang='lat' dir='ltr'><strong>gitur</strong></span> <span class='ocrx_word' id='word_1_332' title='bbox 245 4229 340 4300; x_wconf 83' lang='lat' dir='ltr'><strong>XLV,</strong></span> <span class='ocrx_word' id='word_1_333' title='bbox 354 4229 391 4289; x_wconf 82' lang='lat' dir='ltr'><strong>ll</strong></span> <span class='ocrx_word' id='word_1_334' title='bbox 402 4239 439 4296; x_wconf 83' lang='lat' dir='ltr'><strong>et</strong></span> <span class='ocrx_word' id='word_1_335' title='bbox 448 4229 499 4302; x_wconf 79' lang='lat'><strong>18,</strong></span> <span class='ocrx_word' id='word_1_336' title='bbox 513 4225 567 4286; x_wconf 85' lang='lat' dir='ltr'><strong>uhi</strong></span> <span class='ocrx_word' id='word_1_337' title='bbox 578 4223 888 4286; x_wconf 82' lang='lat' dir='ltr'><strong>senatusconsultum</strong></span> <span class='ocrx_word' id='word_1_338' title='bbox 898 4223 1046 4286; x_wconf 81' lang='lat' dir='ltr'><strong>traditum</strong></span> <span class='ocrx_word' id='word_1_339' title='bbox 1057 4238 1115 4287; x_wconf 87' lang='lat' dir='ltr'><strong>est.</strong></span> 
     </span>
    </p>
   </div>
   <div class='ocr_carea' id='block_1_7' title="bbox 0 0 1616 5326">
    <p class='ocr_par' dir='ltr' id='par_1_14' title="bbox 0 0 1616 5326">
     <span class='ocr_line' id='line_1_40' title="bbox 0 0 1616 5326; baseline 0 0"><span class='ocrx_word' id='word_1_340' title='bbox 0 0 1616 5326; x_wconf 95' lang='lat' dir='ltr'><strong> </strong></span> 
     </span>
    </p>
   </div>
  </div>
 </body>
</html>
