3200 5344
863 377 932 478 roo

689 637 721 698 2.
743 652 856 700 ossum
874 653 913 698 un
930 653 1095 704 mutuans.

386 825 490 890 Cicer.
508 827 595 888 Brut.
615 845 646 888 c.
664 823 718 902 il,
737 825 797 888 83:
814 825 862 886 De
877 821 975 908 ipsius
987 822 1076 890 tutti
1096 837 1130 888 ut
1148 822 1307 909 Scipionis
1320 825 1450 910 iugenio

88 1007 91 1015 r
221 947 224 952 ¹
339 941 526 1008 quamquam
539 943 579 989 on
591 937 651 1001 est,
664 924 731 1007 jum
743 925 960 1009 utplurimum
974 925 1309 1008 tribuaturambubus,
1321 927 1450 994 dicendi

342 1028 529 1092 tamealuus
544 1039 594 1114 est
611 1028 646 1090 in
658 1027 754 1091 Lmlio
766 1024 930 1092 inmanior.
954 1029 999 1092 lut
1015 1026 1122 1092 oratio.
1131 1028 1227 1092 tntu
1245 1032 1285 1092 de
1302 1031 1450 1112 collegiis

342 1144 406 1188 non
417 1126 545 1201 melior,
559 1141 652 1208 quam
665 1128 706 1190 de
715 1125 826 1207 ,multis
839 1138 932 1207 quam
944 1125 1029 1190 voles
1042 1125 1219 1210 §alpinum
1238 1145 1302 1192 uon
1315 1147 1376 1212 quo
1386 1127 1448 1192 illa

310 1257 313 1264 ·
342 1221 428 1286 laelii
441 1224 611 1306 'quidquam
626 1220 671 1286 sit
686 1221 820 1300 dulcius,
834 1235 892 1288 aut
906 1241 967 1305 quo
979 1223 1020 1286 de
1035 1225 1190 1306 religione
1201 1222 1267 1288 dici
1279 1225 1378 1310 pmsit
1390 1245 1446 1292 uu·

341 1319 470 1402 gastius,
482 1323 537 1385 sed
546 1323 644 1385 multo
657 1333 761 1386 umen
775 1321 927 1386 vetustior
940 1333 974 1385 et
986 1321 1147 1388 horridior
1157 1324 1214 1409 ille
1225 1343 1318 1406 quum
1327 1323 1445 1408 Scipio,

248 1403 254 1412 ’
341 1431 374 1482 et
386 1438 458 1482 oum
475 1416 539 1482 sint
557 1420 592 1482 in
611 1419 742 1482 dicendo
755 1417 850 1482 variae
864 1419 1050 1494 voluntates,
1074 1421 1225 1484 delectari
1246 1420 1323 1484 mibi
1348 1419 1449 1501 magis

343 1513 529 1596 antiquitate
541 1513 678 1592 ridetur,
701 1529 733 1578 et
753 1513 898 1580 lubenter
916 1516 1023 1579 verbis
1044 1516 1138 1580 etiam
1157 1518 1204 1580 uti
1223 1517 1328 1602 paullo
1349 1517 1450 1598 magis

341 1610 458 1696 priscis
468 1613 589 1676 Latius.

383 1709 453 1773 Cio.
464 1710 538 1772 Lael.
553 1730 583 1772 c.
596 1709 658 1772 25:
674 1706 860 1772 Meministis
874 1708 915 1788 Q.
930 1706 1065 1774 Maximo
1079 1709 1177 1774 lratre
1191 1709 1349 1794 Scipionis
1365 1723 1396 1773 et
1408 1714 1442 1773 L.

341 1807 489 1878 Mancino
499 1807 588 1874 (loss.
612 1822 703 1892 qttam
716 1811 876 1894 popularis
890 1813 948 1872 lete
966 1811 1005 1869 de
1023 1811 1205 1872 sacerdotiis
1217 1809 1386 1874 videbatur
1401 1812 1441 1875 C.

341 1907 588 1992 Liciniissrassh
605 1908 762 1993 cooptatio
775 1909 861 1976 euim
874 1909 1077 1990 collegiorum
1091 1912 1130 1973 ad
1143 1909 1249 1994 populi
1259 1909 1447 1977 beneficium

343 2007 603 2071 transferebatur.
625 2011 726 2090 Atque
740 2010 768 2072 is
780 2009 899 2092 primus
914 2003 1098 2072 instituit'in
1112 2010 1214 2072 furum
1229 2027 1338 2074 versus
1351 2027 1446 2090 agere

342 2105 559 2190 cumpopulo:
580 2119 686 2168 tamen
702 2102 787 2167 illius
801 2103 991 2168 vendibilem
1005 2102 1178 2170 orationem
1193 2103 1304 2186 religio
1318 2107 1444 2168 deorum

341 2200 562 2266 immortalium
570 2199 661 2265 nobis
671 2201 908 2266 deiendeutibus
916 2203 1172 2268 laoileriuoebat.
1184 2205 1288 2285 Atque
1297 2203 1441 2268 idactum

339 2287 389 2362 est
399 2313 534 2381 praetote
543 2317 606 2373 me,
617 2301 828 2382 quinquennio
840 2315 913 2365 ante
922 2323 1014 2384 quam
1024 2304 1131 2367 consul
1141 2323 1209 2366 sum
1218 2303 1336 2368 luctus.
1354 2357 1359 2362 .

377 2434 448 2488 uobis
459 2436 668 2510 defendentibus]
682 2433 780 2488 Laelius
797 2437 941 2490 orationem
957 2437 990 2491 du
1006 2437 1126 2512 collegiis
1139 2441 1168 2494 in
1181 2453 1296 2512 praetura
1310 2439 1403 2494 babuit
1416 2459 1440 2493 a.

413 2519 465 2653 {303
474 2531 565 2654 cpntra
573 2519 735 2591 rogationem
746 2517 844 2572 Licinii
858 2519 920 2572 trib.
931 2517 970 2592 pl.
976 2521 1014 2574 v,
1024 2521 1149 2576 Schneid.
1160 2523 1193 2576 ad
1202 2523 1278 2577 Varr.
1289 2527 1327 2577 De
1336 2541 1363 2576 re
1372 2535 1438 2576 rust.

427 2637 436 2667 i
463 2639 473 2664 2
502 2637 509 2656 ⁸

382 2719 451 2788 cie.
462 2723 511 2808 De
522 2737 587 2790 nat.
600 2725 687 2791 deor.
701 2725 762 2800 lll,
774 2725 811 2790 2:
823 2725 927 2812 Quum
941 2725 980 2790 de
993 2725 1149 2812 religione
1160 2725 1274 2810 agitur,
1290 2727 1390 2794 habeo
1401 2731 1437 2792 C.

339 2821 471 2882 Laelr'um
479 2843 630 2902 augttrem
636 2824 837 2906 eumdemque
851 2825 1034 2912 sapientem,
1042 2846 1139 2908 quem
1152 2827 1255 2909 potius
1268 2827 1390 2890 audiam
1400 2829 1438 2888 de

340 2919 492 3002 religione
506 2920 662 2986 dicentem
676 2921 774 2982 milla
789 2929 933 2986 oratione
946 2924 1041 2986 nobili
1051 2945 1144 3008 quam
1156 2945 1340 3008 quemquam
1353 2927 1437 3008 prin·

234 3003 246 3097 J
340 3018 441 3100 cipem
453 3017 640 3100 Stoicorum.
654 3054 696 3064 —
719 3019 801 3082 lbid.
812 3035 846 3106 o.
861 3021 918 3084 il:
934 3021 1063 3086 Docebo
1084 3021 1214 3086 meliora
1231 3045 1280 3086 me
1295 3023 1438 3086 didicisse

268 3101 313 3170 98
339 3116 376 3176 de
390 3115 528 3178 colendis
542 3113 601 3178 diis
615 3113 841 3180 immortalibus
853 3117 926 3200 jure
937 3119 1100 3204 pontificio
1120 3133 1151 3182 et
1170 3141 1257 3184 more
1271 3123 1434 3206 majorum,

339 3211 558 3292 capedunculis
571 3212 621 3288 iis,
635 3233 711 3294 quas
724 3215 825 3276 Numa
840 3213 930 3295 nobis
944 3215 1082 3300 reliquit,
1093 3217 1132 3280 de
1147 3216 1259 3300 quibus
1274 3223 1305 3281 in
1320 3219 1374 3279 illa
1387 3242 1437 3278 au·

338 3308 425 3366 reolo
435 3311 623 3369 oratiuncula
630 3311 838 3391 dimi-mlius,
846 3330 942 3396 -qttttm
950 3313 1126 3380 rationibus
1134 3317 1323 3380 Sioieorltttt.
1378 3343 1387 3352 “

379 3403 500 3480 Nonius
506 3404 622 3488 p-398,
631 3408 887 3492 23tSamiumost
897 3425 1066 3486 latum...
1079 3415 1121 3476 lll-
1130 3413 1250 3492 Tullius
1257 3415 1306 3478 De
1313 3413 1434 3496 republ.

228 3557 233 3592 :
338 3501 420 3564 l.vt=
431 3503 543 3562 Oratio
552 3505 755 3590 carmeli,
763 3528 854 3590 quam
864 3529 972 3573 omnes
981 3509 1131 3584 habemus
1140 3511 1175 3574 in
1183 3511 1437 3596 mauttmqoan

246 3675 248 3680 s
338 3602 485 3678 simpuvio
495 3601 672 3680 pontt'ficum
685 3605 734 3684 disy
745 3607 971 3668 immortalibus
983 3622 1074 3688 grata
1088 3613 1147 3669 sint
1155 3609 1342 3696 Samiaeque,
1352 3623 1385 3672 ut
1395 3610 1437 3672 ibi

338 3695 460 3772 scribit,
473 3697 644 3780 capedirres.

373 3820 511 3902 mauu]
517 3835 682 3907 simpuvium,
692 3835 760 3890 calix
768 3804 883 3909 ligurus.

376 3956 525 4025 copadium]
534 3958 616 4042 capis,
626 3958 734 4030 capedo,
744 3959 877 4030 capidula,
886 3961 1078 4034 capeduncula‚
1088 3963 1158 4016 vasis
1170 3982 1255 4035 genus
1264 3965 1434 4036 pontificialc.

382 4079 520 4164 Macrob.
542 4069 667 4146 Suturn.
691 4085 719 4160 l,
742 4085 778 4146 6:
803 4083 1035 4162 libertinorum
1055 4109 1176 4170 quoque
1196 4089 1437 4174 liliispraetexta

340 4201 485 4246 concessa
504 4195 550 4246 est
568 4204 607 4246 ex
628 4205 719 4250 causa
737 4185 809 4263 tali,
826 4209 916 4270 quam
933 4192 976 4252 M.
991 4189 1075 4275 (02²)
1087 4191 1203 4254 Lceiius
1217 4213 1316 4274 augin·
1329 4193 1437 4268 relent,
