3288 5344
620 376 755 512 'rs

181 574 315 654 denique
326 573 374 634 De
392 583 518 634 oratore
528 569 676 634 adliliura
693 575 831 634 omnium
843 573 1053 637 Romanorum
1062 575 1181 658 primns
1193 593 1286 658 expo·

180 671 257 742 suit,
269 689 328 732 nec
346 669 476 732 fortasse
490 669 532 730 M.
554 667 692 731 Antonio
703 669 842 732 inferius.
857 669 936 734 Vide
946 669 1078 752 Quintil.
1094 674 1152 744 lll,
1173 674 1201 746 l,
1231 675 1282 736 19.

182 767 268 848 Quin
278 765 372 828 οιίιιιιι
387 764 715 850 definitionemquam
730 767 768 826 de
781 765 916 830 Oratore
926 767 1037 849 posuit,
1058 787 1121 836 non
1131 771 1222 832 mode
1235 770 1286 834 Ci-

180 884 295 929 cerone
308 875 467 946 preeunte
478 864 689 946 Quintilianus
705 865 818 945 passim
830 867 949 948 accipit
963 878 997 930 et
1006 885 1061 936 suo
1077 866 1286 949 Herenniique

179 961 360 1038 Senecionis
375 980 500 1024 assensu
517 961 725 1044 mireprobat
738 961 858 1028 Plinius
868 963 965 1044 Epist
982 963 1038 1035 1v,
1053 963 1095 1036 l,
1117 965 1171 1026 sed
1187 966 1287 1028 exitis

179 1061 292 1125 Curius
314 1061 603 1126 Fortunatianusiu
613 1069 693 1126 Arte
710 1062 912 1126 rhetschol.
927 1065 954 1134 1,
967 1084 999 1146 p.
1015 1063 1055 1126 53
1076 1063 1127 1124 ed.
1151 1062 1284 1146 Capper.

178 1177 211 1229 et
228 1164 263 1226 in
279 1161 389 1226 ultima
406 1163 554 1226 barbarie
567 1164 701 1226 Isidorus
722 1163 912 1246 Hispalensis
920 1160 1032 1242 origg.
1045 1165 1089 1236 ll,
1107 1163 1138 1238 3,
1152 1164 1288 1226 retinue-

178 1276 267 1328 runt.
292 1262 544 1342 IleOriginibus,
561 1263 595 1326 in
609 1265 720 1346 quibus
739 1263 1000 1329 dimmittere
1020 1263 1123 1328 tacere
1145 1265 1223 1328 nuli
1242 1285 1288 1326 se·

179 1363 327 1438 cundum,
338 1362 491 1424 disserere
502 1361 542 1424 ab
553 1380 590 1422 re
601 1363 700 1424 abest.
723 1365 762 1423 V.
781 1363 869 1424 Voss.
884 1363 933 1424 De
950 1360 1109 1422 historicis
1123 1362 1193 1424 Lat.
1205 1363 1231 1432 l,
1256 1364 1287 1435 5,

178 1479 212 1540 p.
225 1459 280 1520 22.
298 1453 441 1545 [Meliora
450 1461 504 1520 Jo.
514 1457 829 1538 Hugovan-Bollruis,
842 1459 876 1522 in
887 1459 1032 1522 Dietribe
1040 1457 1089 1520 lit.
1101 1458 1134 1520 in
1145 1459 1188 1519 M.
1200 1459 1237 1520 P.
1251 1459 1287 1518 C.

179 1573 249 1636 qute
260 1568 425 1635 supersunt
438 1555 558 1638 scripta
569 1567 602 1618 et
619 1555 804 1634 fragmenta,
822 1553 909 1635 Trej.
929 1555 969 1616 ed
980 1556 1040 1618 fflt
1057 1555 1151 1629 1826,
1167 1575 1199 1636 p.
1217 1556 1230 1614 l
1247 1587 1290 1600 -·

178 1655 277 1738 tone
291 1654 421 1734 Origg.;
443 1674 476 1736 p.
506 1655 564 1719 188
585 1675 653 1737 sqq.
674 1656 713 1717 de
730 1655 857 1735 reliquis
872 1654 998 1735 scriptis
1022 1654 1075 1718 hic
1098 1655 1288 1719 menecratis.

178 1755 266 1816 Alios
280 1754 429 1838 plurimos
442 1755 564 1822 indicat
581 1751 750 1818 Weeternt.
773 1776 806 1837 p.
827 1755 868 1836 39
884 1767 915 1816 et
937 1754 977 1816 52
996 1746 1081 1845 sqq.]
1106 1795 1110 1802 -

196 1876 197 1884 ¹
224 1852 277 1914 ll.
299 1853 390 1914 Hunc
401 1853 516 1925 virum,
532 1872 570 1916 ee
586 1852 766 1922 severitate,
783 1863 830 1914 tot
840 1851 983 1926 laudibus
995 1849 1170 1922 florentem,
1186 1861 1289 1917 recto·

177 1972 346 2034 querensu
361 1965 394 2016 et
411 1965 517 2016 mente
539 1953 696 2035 paulisper
714 1953 864 2030 rigidiore
887 1952 1052 2032 praeditum
1064 1952 1177 2015 mutus
1190 1967 1289 2030 terqua·

176 2049 258 2118 lium
271 2049 403 2110 offensas
416 2049 585 2112 incurrisse
600 2048 694 2110 etiam
711 2048 779 2110 sine
795 2047 920 2126 disertis
936 2060 1096 2110 auctorum
1107 2045 1294 2118 testimoniis

177 2145 348 2214 verisimile
360 2156 451 2208 esset.
470 2145 530 2207 Sed
550 2145 696 2218 traditur,
712 2163 783 2206 eum
803 2161 867 2204 non
881 2143 1083 2206 mediocriter
1094 2142 1192 2204 matos
1206 2142 1292 2218 cives

179 2243 385 2324 hominesque
395 2243 554 2324 improbos
563 2242 759 2314 insectatum,
771 2253 806 2301 nt
818 2243 858 2323 Q.
876 2241 1046 2304 Minucium
1060 2241 1228 2302 Thermum
1236 2240 1292 2300 du·

178 2339 275 2422 plici,
302 2353 336 2400 ut
360 2337 504 2414 videtur,
529 2338 726 2406 accusatione
740 2337 889 2420 petierit.
914 2338 1020 2418 Neque
1043 2338 1079 2400 L.
1106 2335 1293 2400 Flaminium

179 2451 290 2502 senatu
305 2451 422 2502 motum
440 2453 523 2502 note
541 2441 642 2522 instar
659 2439 750 2520 gravi
767 2438 937 2502 insectatus
951 2450 1032 2502 esset
1049 2437 1208 2510 oratione,
1232 2435 1294 2498 nisi

178 2539 297 2618 rigidus
322 2559 443 2606 morum
479 2545 591 2602 censor
625 2538 797 2620 potentium
829 2537 963 2616 gratiam
991 2535 1176 2616 negligeret.
1213 2533 1294 2600 Vide

178 2639 250 2702 Liv.
279 2639 423 2712 XXXIX,
444 2637 485 2698 42
499 2658 583 2720 sqq.,
603 2636 670 2726 Cic.
684 2637 754 2700 Cat.
772 2637 847 2717 maj.
865 2653 895 2696 c.
909 2635 991 2698 20...
1015 2629 1070 2722 [Et
1087 2645 1198 2696 contra
1220 2633 1297 2694 alios

180 2739 303 2810 multos,
319 2740 353 2820 in
368 2757 499 2801 censura
520 2737 704 2820 prasertim,
725 2735 857 2797 acerbas
875 2734 1036 2798 orationes
1051 2733 1173 2796 hebuit.
1190 2736 1230 2796 V.
1258 2735 1293 2794 in

178 2839 362 2922 fragmentis
375 2860 408 2921 p.
424 2834 534 2927 8·92.]

224 2940 419 3019 Praecipnam
439 2950 545 2998 tamen
562 2934 707 3016 Hispanis
726 2951 854 3016 operam
868 2931 1024 3012 prestitit,
1040 2931 1094 3011 qui
1109 2950 1188 3011 saepe
1202 2950 1295 3004 arare

181 3048 214 3096 et
234 3033 403 3096 crudeliter
416 3034 518 3096 habiti
535 3051 700 3113 numquam
715 3042 820 3104 ¹tutam
839 3048 910 3090 cum
931 3027 1080 3091 Romanis
1100 3047 1211 3110 pacem
1231 3047 1297 3092 esse

183 3133 368 3196 sinebant...
382 3127 435 3218 [V.
459 3133 500 3196 lr.
515 3155 547 3194 n.
565 3133 601 3194 37
616 3145 648 3194 et
658 3125 727 3219 te]
738 3133 778 3192 Et
794 3130 910 3192 diserto
921 3128 1084 3192 Ciceronis
1092 3127 1271 3192 testimonio
1284 3175 1292 3202 ,

183 3232 273 3294 Brut.
291 3251 322 3292 c.
342 3231 394 3302 23,
412 3229 789 3302 coufirmatmnridemus,
811 3225 1019 3308 patrocinium
1040 3225 1295 3310 HispaniaeaCa·

180 3338 256 3388 tene
266 3326 401 3410 impigre
423 3339 610 3408 susceptum,
635 3325 939 3407 quamvisobstante
958 3321 1125 3386 multorum
1143 3323 1296 3389 nobilium

182 3422 348 3484 mmmmm.

225 3519 316 3602 AEqui
332 3515 472 3602 bonique
491 3522 541 3584 vir
562 3535 626 3584 tarn
645 3541 718 3584 acer
739 3521 821 3584 heud
846 3519 972 3599 segnior
990 3519 1109 3582 exstitit
1128 3531 1296 3601 patronus.

183 3618 373 3682 Testimonio
396 3631 444 3680 est
458 3620 560 3684 oratio
577 3620 615 3678 de
636 3617 859 3678 Rhodiensibus
900 3616 981 3678 libro
1004 3616 1169 3694 Originum
1186 3614 1295 3695 quinto

181 3720 319 3796 inserta;
335 3731 367 3782 et
377 3719 478 3780 oratio
493 3721 531 3778 de
541 3717 681 3780 Achaeis.
694 3720 809 3786 Eadem
822 3718 923 3781 studio
937 3736 1044 3782 causas
1055 3716 1154 3794 egisse
1166 3730 1293 3780 censen·
1336 3779 1340 3789 ,

182 3821 238 3885 dus
252 3834 338 3884 est...
357 3813 461 3908 [Geni.
478 3821 517 3882 lr.
534 3841 568 3882 n.
583 3821 636 3897 52,
647 3816 728 3910 ct]
746 3803 820 3901 Ejus
839 3821 887 3880 rei
903 3819 1015 3900 gratia·
1029 3817 1098 3880 aliis
1115 3817 1210 3880 etiam
1224 3833 1295 3879 ura·

182 3920 284 3982 dones
304 3920 339 3980 in
362 3921 481 4000 judicio
504 3919 663 3982 habendas
687 3919 837 4000 scripsit,
863 3922 944 4000 quod
967 3917 1211 3999 comparationis
1227 3932 1298 3978 cum

183 4019 277 4101 Lysia
292 4033 386 4102 caput
406 4020 474 4084 Cic.
490 4021 578 4086 Brut.
596 4041 625 4082 c.
647 4020 681 4080 lt
702 4039 765 4082 nnn
780 4019 895 4097 attigit.
920 4023 1038 4084 Harum
1053 4039 1116 4082 una
1128 4039 1188 4096 pro
1200 4017 1295 4078 Foris

184 4134 290 4180 contra
313 4119 451 4182 Gellium
465 4121 522 4184 luit
544 4119 701 4199 (A.Gell.
725 4121 815 4193 xlv,
846 4121 900 4206 2),
925 4141 1016 4202 quam
1037 4121 1130 4184 Furio
1150 4120 1301 4199 scriptum

189 4212 296 4278 Festus
311 4216 355 4278 ait
379 4237 403 4278 s.
422 4219 458 4279 V
458 4221 595 4278 indicias.
614 4207 667 4302 [V.
689 4218 727 4280 lr.
741 4238 773 4298 p.
787 4216 821 4278 81
834 4211 858 4305 .]
878 4217 1082 4300 [drepnblica
1095 4220 1301 4296 lueruntora-
