3200 5344
169 603 322 686 sonorum
338 623 448 686 ordine
463 635 635 684 recenseat.
665 625 703 682 ln
718 639 756 682 eo
771 639 858 692 vero,
877 623 956 702 quod
976 623 1086 685 deinde
1101 623 1178 686 dicit
1192 622 1275 688 idem

168 721 220 785 vir
233 725 353 802 doctus,
371 725 542 786 consentio.
564 747 578 778 ι
598 723 821 804 Glandorpius,
837 723 950 805 inquit,
972 721 1006 784 in
1023 724 1221 790 Onomastico
1235 745 1275 790 ex

168 825 265 889 Gellii
285 827 352 890 loco
373 824 465 886 alfort
484 825 611 888 Catonis
631 825 804 912 orationem
826 844 883 906 pro
904 829 941 888 L.
959 823 1053 889 Furio
1076 847 1084 886 ε
1107 847 1164 906 qna
1182 827 1275 892 initus

169 927 368 997 auctoritate,
384 943 434 986 me
447 925 537 993 latet.
555 951 569 982 s
585 925 758 989 Ellendtius
773 942 892 1008 quoque
919 925 1106 1012 Glandorpii
1121 923 1275 992 rationem

168 1027 255 1107 sequi
275 1027 397 1089 videtur
421 1025 455 1086 in
477 1027 558 1087 llist.
580 1027 660 1107 eloq.
682 1027 796 1101 licon,
824 1027 950 1088 dicens:
970 1027 1119 1087 «Harum
1139 1046 1201 1088 une
1218 1049 1275 1106 pro

168 1125 265 1184 Furto
284 1113 389 1188 contre
406 1123 544 1194 Gellium
557 1121 628 1197 luit,
645 1143 737 1204 quam
751 1122 846 1184 Furio
859 1124 1008 1206 scriptam
1023 1120 1069 1184 ait
1081 1123 1223 1199 Festus»
1244 1137 1276 1186 et

169 1233 330 1300 preterea,
358 1233 392 1280 ut
415 1219 485 1280 aliis
509 1239 630 1300 quoque
650 1221 810 1282 orationes
823 1217 902 1284 Ceto
923 1217 957 1282 in
976 1219 1095 1301 jndicio
1116 1219 1276 1285 habendas

168 1316 341 1398 scripserit,
365 1315 411 1378 sic
432 1318 514 1378 hanc
537 1317 628 1378 Furio
649 1317 856 1399 composuisse
878 1315 987 1380 tradit.
1019 1319 1083 1381 Sed
1106 1338 1143 1380 ea
1169 1315 1275 1402 opinio

169 1433 270 1496 neque
284 1411 452 1476 codicibus
472 1413 627 1491 firmatur,
656 1435 756 1496 neque
776 1415 950 1479 orationem
975 1414 1008 1476 in
1033 1413 1121 1476 Furii
1140 1413 1276 1496 gratiam

169 1513 371 1595 compositam
381 1533 448 1576 esse
460 1513 659 1576 crediderim.
674 1513 845 1576 Coniundit
853 1513 937 1576 enim
949 1511 1085 1575 Ellendt.
1101 1514 1274 1575 orationem

167 1630 226 1687 pro
240 1609 279 1669 L.
296 1608 389 1669 Turio
404 1625 510 1670 contra
525 1610 581 1670 Cn.
597 1607 737 1670 Gellium
751 1630 822 1672 cum
839 1630 887 1684 eu,
908 1629 999 1690 quam
1017 1609 1128 1672 hebuit
1142 1609 1220 1674 Ceto
1237 1612 1275 1670 de

170 1706 264 1766 multa
275 1721 381 1765 contra
390 1707 427 1765 L.
442 1709 586 1778 Furium,
601 1727 668 1788 qute
682 1709 801 1770 aFesto
810 1727 837 1769 s.
848 1728 880 1768 v.
892 1707 929 1770 V
927 1709 1051 1785 indiciae
1060 1709 1190 1790 aliisque
1199 1709 1276 1772 locis

170 1807 310 1867 aliertur.
337 1803 498 1870 Postremo
521 1804 633 1869 Cnaens
655 1805 775 1870 Gellius
796 1820 884 1868 vetus
907 1827 973 1868 esse
997 1808 1111 1870 dicitur
1130 1828 1150 1868 a
1165 1807 1275 1870 Vossio

168 1905 346 1977 historicus,
356 1905 443 1986 cujus
453 1907 534 1988 apud
542 1908 674 1990 Dionys.
688 1907 851 1968 Halicarn.
862 1907 917 1980 Xl,
930 1907 966 1968 31
975 1954 982 1981 ,
992 1919 1025 1969 et
1033 1906 1216 1970 Ciceronem
1226 1909 1275 1969 De

169 2004 302 2072 divinet.
312 2006 340 2078 l,
352 2003 405 2078 26,
415 2001 451 2064 fit
461 2001 589 2066 mentio.
607 2006 646 2064 In
657 2003 724 2066 Cic.
737 2004 786 2064 De
796 2001 917 2082 legibus
926 2005 951 2077 l,
965 2003 997 2076 2,
1011 2003 1042 2074 3,
1055 2003 1114 2066 Cn.
1126 2016 1158 2066 et
1168 2004 1275 2068 Sextus

169 2099 267 2166 Gellii
278 2113 503 2164 memorantur.
827 2178 831 2192 Ι
1241 2165 1244 2174 ,
1285 2094 1291 2103 '

212 2197 333 2265 Gellius
341 2189 425 2273 XIV,
439 2199 475 2260 2:
491 2199 533 2260 Μ.
543 2197 622 2262 Ceto
631 2197 665 2260 in
675 2196 830 2271 oratione,
843 2217 933 2278 quarn
944 2183 1002 2282 pro
1013 2201 1050 2262 L.
1059 2199 1154 2262 Turio
1164 2213 1276 2264 contra

169 2296 229 2361 Cn.
242 2297 420 2362 Gellium...
443 2296 548 2358 verba
569 2313 607 2359 ex
626 2295 683 2379 (ea)
703 2295 845 2358 oratione
865 2297 931 2358 ltaec
952 2308 1041 2358 sunt:
1055 2296 1159 2382 Atque
1176 2317 1234 2376 ego
1255 2319 1276 2356 a

171 2389 343 2475 majoribus
363 2397 519 2452 memoria
533 2397 579 2453 sic
593 2397 720 2472 occepi:
738 2397 847 2478 siquis
860 2395 932 2478 quid
943 2393 1023 2453 alter
1035 2391 1075 2452 ab
1087 2393 1184 2452 altero
1194 2410 1276 2474 pete·

170 2505 246 2564 rent,
263 2495 292 2550 si
305 2489 400 2550 ambo
408 2511 505 2569 pares
517 2506 629 2561 essent,
649 2495 710 2553 sive
726 2489 798 2550 bons·
810 2495 874 2553 sive
895 2491 973 2550 mali
984 2505 1096 2564 essent,
1116 2493 1201 2575 qnod
1217 2493 1276 2554 duo

171 2611 220 2651 nes
228 2597 404 2672 gessissent,
420 2595 465 2650 uti
478 2606 569 2652 testes
579 2611 639 2652 non
649 2597 839 2666 interessent,
854 2593 899 2651 illi
913 2593 991 2651 unde
1000 2595 1125 2670 petitur,
1137 2597 1169 2651 ei
1176 2597 1277 2671 potius

169 2689 354 2748 credendum
366 2709 445 2748 esse.
456 2688 542 2749 Nunc
552 2693 582 2748 si
592 2687 795 2767 sponsionem¹
797 2689 946 2766 fem'ssent
953 2687 1073 2750 Gellius
1081 2711 1152 2749 cum
1162 2689 1275 2750 Turio.-

170 2789 205 2843 ni
224 2789 278 2846 vir
301 2785 412 2845 melior
432 2800 513 2846 esset
532 2783 651 2843 Gellius
673 2807 768 2868 qnam
792 2783 916 2857 Turius,
939 2805 1041 2854 nemo,
1064 2791 1187 2864 opinor,
1210 2802 1276 2846 tam

172 2889 298 2946 insonus
316 2899 405 2958 esset,
425 2889 476 2967 qui
489 2877 659 2963 judiearet,
679 2882 841 2941 meliorem
860 2902 929 2942 esse
945 2882 1078 2942 Gellium
1099 2905 1194 2968 quam
1215 2885 1275 2942 Tu·

171 2989 270 3062 rinm5
286 2987 316 3042 ss·
333 3003 393 3043 non
407 2982 520 3042 melior
533 2981 652 3048 Gellius
671 2995 717 3042 est
736 2979 842 3054 Turio,
857 2985 958 3058 potius
972 2995 1090 3058 oportet
1104 2973 1187 3042 credi
1199 2983 1276 3042 unde

172 3085 305 3176 uelitum(

207 3227 224 3260 a
237 3204 384 3280 snnjort'bus]
395 3204 501 3259 Gellius
514 3205 571 3276 ipse
585 3179 695 3264 sensum
706 3207 743 3264 sic
756 3204 890 3277 explicet:
906 3205 974 3258 Cato
983 3167 1064 3266 dissic,
1075 3169 1181 3260 s'ta'ssss
1192 3225 1210 3262 a
1222 3223 1276 3258 ma·
1303 3176 1350 3246 82

236 3290 338 3366 jors'bus
351 3289 714 3362 tradidissent-vatumque,
733 3297 765 3343 ut
776 3289 878 3361 siquod
889 3289 956 3344 inter
965 3290 1030 3347 dutus
1040 3299 1127 3344 astum
1138 3298 1278 3364 nempe

242 3373 339 3430 tabulas
350 3393 432 3446 nsque
446 3373 554 3428 tecnas
561 3375 673 3444 plenum
684 3373 849 3446 fiert'possit,¹
863 3381 920 3428 tum
932 3374 1007 3446 apud
1010 3372 1139 3447 judt'cem„
1146 3373 1196 3446 qui
1203 3375 1236 3427 dc
1247 3395 1279 3428 sa

242 3480 271 3513 re
283 3466 452 3533 cogrwscsrst,
466 3467 526 3512 utor
537 3478 571 3512 ss
583 3455 615 3512 s't's
627 3457 667 3510 or'r
679 3456 767 3512 mels'or
778 3465 858 3520 essct,
871 3465 1033 3529 quareretur
1039 3479 1049 3519 ,·
1062 3465 1101 3518 st,
1113 3458 1225 3529 ,τέμνω
1235 3479 1279 3512 es»

243 3552 312 3606 sent,
322 3565 369 3598 seu
382 3545 550 3616 boniport'ler
563 3565 610 3598 ssu
624 3542 696 3604 moli,
709 3557 763 3596 tum
777 3542 820 3595 illi
828 3543 1015 3616 undepctt‘tur,
1024 3544 1185 3604 crederetur,
1193 3563 1225 3598 ao
1236 3564 1277 3598 se-

195 3637 209 3656 *
241 3615 1032 3702 canontusjusoaennsr-nnutut'psetns)turn
1047 3612 1278 3698 jtutssprivtn

243 3731 266 3763 s.
278 3710 465 3764 controversiis
474 3711 574 3763 dicitur
581 3711 605 3764 is
614 3710 660 3766 cui
667 3711 736 3763 notio
746 3708 907 3775 intenditur,
917 3711 966 3782 qui
975 3707 1181 3764 subindeetidm
1189 3709 1277 3769 aber·

243 3796 329 3852 sarius
337 3797 421 3850 audit.
432 3799 464 3850 ln
472 3796 590 3870 publicis
599 3809 687 3850 eutem
696 3796 889 3876 questionibus
899 3797 997 3855 dicitur
1005 3815 1077 3874 rsus,¹
1087 3793 1176 3878 Why]
1184 3843 1193 3856 ,.

204 3931 249 3964 m
259 3911 412 3986 gessissent]
425 3911 467 3965 rei
476 3909 621 3983 appellatio
634 3911 667 3964 sd
680 3929 787 3965 omnem.
796 3923 961 3967 conuacnnn
974 3923 1002 3964 et
1015 3908 1203 3981 obligetionom
1214 3928 1276 3982 per·

243 3995 321 4060 tinet,
331 4007 364 4048 ut
376 3995 413 4048 uit
421 3995 565 4068 Ulpianus,
576 3995 619 4048 tit.
630 3997 668 4046 De
680 3994 784 4076 verbor.
798 3994 889 4074 signif.
900 4013 958 4066 cep.
967 3995 1021 4046 Vl:
1036 3993 1106 4046 unde
1115 4012 1157 4045 res
1167 3991 1278 4066 gesstssc
1304 4040 1308 4053 ,

243 4097 293 4150 pro
300 4079 465 4132 contraxisse·
470 4080 536 4132 Cato
544 4077 589 4132 hio
598 4077 672 4144 dicit,
684 4090 711 4130 et
722 4077 784 4130 reus
794 4077 945 4150 appelletur
957 4089 1069 4148 uterque
1078 4095 1110 4132 ex
1119 4077 1277 4132 'contrahen-

211 4159 214 4166 ’
244 4161 327 4214 tibus.
338 4163 448 4233 Popma.
717 4157 720 4164 ’
1264 4173 1267 4182 ’

205 4281 221 4331 Ι
234 4272 340 4342 cessent]
349 4277 383 4330 V.
393 4277 520 4330 Garaton.
530 4277 564 4330 nd
571 4276 627 4330 Cic.
638 4277 685 4328 Or.
696 4294 743 4346 pro
754 4277 866 4342 Quintio
876 4295 899 4327 c.
912 4277 955 4327 ll.
