3212 5326
906 455 950 526 st

290 649 296 662 .
380 601 437 664 tim
447 615 517 664 earn
530 597 684 656 auctorem
699 589 786 653 ittam
803 589 837 652 iu
857 589 946 652 aunis
959 582 1159 650 numerandis
1182 585 1284 649 miuus
1297 583 1472 666 diligentem

379 703 414 763 iu
428 698 533 764 Crassi
547 693 685 778 exemplo
700 691 944 772 cognoverimus.
969 689 1021 752 Bis
1036 689 1220 771 postulatum
1233 689 1392 754 Vatinium
1406 707 1471 751 cer-

380 811 446 860 tum
459 805 517 870 est,
537 803 571 855 at
588 810 691 866 nemo,
713 791 817 865 credo,
845 787 884 850 ab
906 788 1013 850 eodem
1033 785 1131 849 Calvo
1152 785 1335 868 postulatum
1354 785 1471 849 retulit.

382 898 486 961 Prima
500 893 584 956 actio
600 891 658 952 iuit
672 911 701 952 a.
719 889 802 964 695,
830 891 869 950 ttd
884 899 1047 970 pretorem
1069 885 1107 950 G.
1122 884 1312 962 Memmium,
1327 887 1474 966 vigesuuo

379 1005 489 1076 quarto
503 989 592 1054 Calvi
611 1002 704 1062 anuo,
728 985 907 1069 majestatis,
933 985 1000 1064 lege
1024 981 1267 1057 Licinniano,
1292 1003 1384 1066 quam
1404 1001 1473 1065 pro·

380 1093 570 1174 mulgatione
592 1109 650 1172 per
668 1085 887 1150 tricundiuum
911 1103 975 1150 nou
997 1085 1080 1148 iacta
1104 1084 1248 1149 Vatinius
1281 1087 1471 1166 neglexerat.

379 1199 445 1258 Hoc
467 1193 620 1276 judicium
648 1190 808 1266 tribunum
839 1191 876 1251 Ρ.
902 1183 1043 1250 Clodium
1067 1188 1249 1272 appellando
1277 1185 1395 1267 elingit,
1421 1183 1473 1268 qui

267 1291 270 1296 ’
380 1299 507 1361 cohorte
523 1310 579 1356 sua
592 1289 625 1352 iu
640 1289 778 1352 tribunal
789 1290 924 1350 immissa
937 1299 1104 1371 proetorem
1114 1285 1302 1362 deturbavit,
1318 1297 1474 1368 totumque

378 1392 539 1456 consilium
558 1389 753 1470 inspectante
776 1385 888 1468 populo
911 1387 1052 1448 Romano
1070 1382 1203 1466 disjecit.
1225 1387 1358 1447 Rursum
1373 1397 1473 1466 postu·

378 1495 458 1555 latus
472 1501 519 1552 est
533 1491 571 1550 tie
586 1487 714 1562 ambitu,
729 1501 799 1548 cum
812 1483 1003 1549 Catonemin
1014 1487 1287 1568 praeturapctenda
1298 1483 1470 1567 dejecisset,

378 1611 408 1651 a.
427 1591 500 1660 699,
526 1598 559 1647 et
572 1584 713 1647 defensus
729 1603 747 1644 a
761 1583 923 1657 Cicerone,
947 1593 1057 1660 rogatu
1077 1583 1229 1664 Pompeii.
1245 1584 1334 1644 Hanc
1348 1599 1470 1645 accusa·

356 1700 358 1706 ’
377 1686 495 1746 tionem
510 1703 528 1745 a
541 1681 638 1746 Calvo
655 1681 769 1745 iactam
783 1677 932 1742 evincunt
945 1679 1043 1758 fragg.
1066 1697 1105 1741 ex
1118 1677 1249 1762 Quintil.
1272 1677 1331 1754 IX,
1361 1681 1393 1755 2,
1417 1681 1468 1754 25,

377 1791 410 1840 et
425 1781 455 1856 3,
474 1783 525 1854 56,
543 1777 677 1858 quodad
696 1779 778 1838 banc
803 1791 926 1838 causam
943 1775 1067 1837 ridetur
1088 1776 1296 1838 reiterandum.
1321 1778 1351 1838 Is
1373 1790 1471 1838 autem

378 1892 478 1940 annus
487 1875 576 1938 Calvi
591 1889 718 1938 octavus
730 1885 763 1936 ct
775 1869 939 1936 vicesimus
958 1883 1039 1949 erat,
1057 1892 1117 1936 nee
1136 1869 1271 1952 inigitur
1286 1874 1364 1935 adeo
1375 1873 1471 1936 adole·

373 1995 477 2054 scens,
494 1989 529 2038 ut
542 1977 600 2038 hoe
611 1995 670 2057 pro
685 1973 825 2057 exemplo
838 1987 968 2035 maturae
981 1970 1014 2034 in
1029 1971 1096 2036 ioro
1106 1973 1237 2036 arnonis
1251 1972 1296 2034 uti
1308 1975 1467 2055 possimus.

376 2077 448 2138 Hoec
464 2073 576 2138 collata
598 2082 748 2144 nostram,
765 2071 877 2146 eredo,
900 2068 1028 2130 firmant
1047 2067 1250 2144 sententiam,
1272 2069 1321 2131 bis
1343 2069 1470 2132 aCalvo

375 2171 533 2233 Vatinium
544 2181 733 2238 accusatum,
750 2168 789 2227 tle
805 2165 977 2246 majestate,
990 2163 1206 2228 erucambitu.
1221 2165 1365 2230 Secunda
1378 2167 1470 2246 igitur

374 2269 409 2329 in
422 2267 582 2332 Vatinium
602 2267 715 2338 oratio,
731 2262 895 2345 praecipuis
913 2275 1053 2325 veterum
1068 2262 1208 2324 laudibus
1219 2262 1390 2341 ceiebrata,
1408 2279 1470 2324 non

374 2365 408 2425 in
420 2367 527 2432 eodem
539 2358 658 2444 judicio
674 2357 794 2432 habita,
813 2379 872 2423 nec
887 2357 1033 2442 ampliato
1047 2377 1102 2420 reo
1116 2361 1166 2423 vel
1181 2377 1273 2422 eausa
1285 2379 1347 2433 nou
1364 2358 1470 2423 eodem

252 2534 259 2553 ⁸
374 2461 425 2520 dic
450 2471 618 2542 perorata,
636 2457 690 2517 sed
707 2457 750 2516 ad
766 2455 895 2517 ambitus
916 2452 1067 2538 judicium
1089 2457 1254 2537 pertinuit,
1283 2475 1352 2517 cum
1372 2457 1471 2538 prima

375 2569 455 2618 essct
478 2557 517 2616 de
539 2551 710 2634 majestate.
733 2551 809 2613 Tum
824 2569 911 2628 vero,
934 2553 987 2634 qui
1009 2565 1078 2615 erat
1100 2553 1279 2636 reipublice
1298 2565 1408 2627 status,
1433 2555 1470 2614 (le

265 2663 266 2666 ’
371 2649 496 2734 juribus
505 2647 650 2713 omnibus
668 2649 855 2732 judiciorum
869 2650 1036 2712 venabitate
1050 2649 1177 2711 sublatis
1190 2647 1343 2730 conqueri
1356 2647 1466 2732 potuit,

374 2767 409 2816 ut
426 2754 508 2816 iecit.
535 2755 608 2814 Hace
630 2765 732 2815 autem
754 2751 945 2834 potissimam
960 2751 1098 2844 probata
1121 2749 1222 2814 oratio
1238 2764 1296 2828 est,
1323 2753 1469 2832 quodusu

373 2855 435 2917 ieri
461 2867 494 2916 ct
516 2852 691 2934 frequentia
711 2851 944 2914 exercitationis
966 2871 1053 2913 suam
1078 2853 1241 2932 quaurdam
1257 2853 1469 2914 ‘maturitatem

372 2954 485 3036 adepta
499 2965 579 3014 erat.
601 2945 802 3036 [confirmari
816 2951 881 3010 hac
895 2950 976 3011 ratio
989 2947 1114 3013 ridetur
1128 2949 1168 3010 iis
1178 2968 1245 3030 quae
1259 2949 1402 3028 leguntur
1415 2969 1466 3031 ap.

370 3053 573 3116 Scholiastam
592 3052 669 3112 Bob.
682 3047 845 3112 Ciceronis
857 3050 892 3110 in
906 3053 984 3128 Arg.
999 3050 1088 3114 Orat.
1101 3069 1159 3132 pro
1171 3051 1273 3112 Sestio
1290 3069 1321 3132 p.
1340 3051 1402 3112 292
1414 3050 1464 3112 ed.

370 3154 472 3217 Orett.
488 3178 497 3212 a
514 3155 550 3214 L.
570 3149 603 3233 (l.
617 3152 670 3236 C.)
689 3151 840 3213 Licinium
851 3149 1081 3212 Calvumfuisac
1091 3151 1361 3240 intercessusorcs
1374 3151 1468 3216 Sestii

371 3268 454 3312 anuo
477 3251 535 3312 697
556 3269 564 3308 a
586 3265 657 3309 nam
677 3269 728 3330 ap.
746 3260 828 3310 auct.
854 3243 978 3326 Dialogi
995 3247 1018 3308 l.
1044 3267 1073 3310 c.
1095 3245 1264 3312 Vatiniana
1279 3248 1367 3312 Celti
1381 3247 1467 3332 (quae

371 3348 453 3410 ieret
471 3349 509 3409 tie
530 3344 705 3428 majestate)
730 3359 885 3426 tamquam
899 3343 1002 3429 prima
1016 3349 1153 3410 omnium
1173 3359 1370 3411 memoratur.
1394 3347 1467 3407 We·

372 3463 477 3509 sterm.
497 3467 528 3530 p.
555 3441 647 3537 219]
666 3450 785 3510 Praeter
803 3447 911 3510 harum
929 3448 1104 3510 orationum
1117 3446 1298 3512 memoriam
1313 3447 1466 3512 Charisius

371 3553 399 3622 l,
408 3565 445 3634 p.
465 3552 516 3624 59,
532 3545 623 3612 Calvi
633 3545 676 3606 ad
683 3553 799 3610 amicos
807 3568 905 3632 pauca
915 3549 1013 3610 rerba
1024 3547 1132 3624 babet,
1145 3569 1183 3612 ex
1196 3545 1341 3632 Epistolis
1355 3551 1462 3624 cretio,

369 3661 403 3708 ut
413 3648 454 3706 ad
466 3663 594 3706 uxorem
609 3645 751 3707 Dionaei.
762 3647 789 3722 l,
801 3665 833 3728 p.
846 3645 924 3720 3723
939 3647 980 3707 ad
996 3645 1031 3704 C.
1052 3646 1209 3706 Caesarem
1220 3644 1462 3711 marrianam.

369 3769 400 3830 p.
421 3737 857 3821 2456,et'ineerta1>ienet.
875 3749 917 3808 ΙΙ.
936 3764 969 3829 p.
984 3745 1057 3823 tte,
1073 3759 1107 3809 et
1120 3749 1201 3810 Mar.
1225 3745 1380 3812 Victoria.
1397 3749 1420 3809 l.
1434 3765 1462 3808 c.

371 3841 433 3908 set
442 3843 580 3906 Licinius
593 3843 631 3919 is,
654 3843 740 3926 cujus
754 3843 834 3905 iiber
844 3844 995 3905 secundus
1007 3843 1073 3904 siue
1091 3843 1193 3904 addita
1206 3858 1282 3906 nota
1295 3846 1465 3906 laudatura

368 3941 467 4004 Prisc.
484 3943 538 4012 Vi,
555 3955 587 4022 p.
605 3939 678 4015 694,
693 3941 752 4003 ttt
776 3943 825 4002 ed.
842 3942 982 4012 Patren..
1001 3953 1048 4001 cst
1061 3941 1165 4002 Macer
1185 3940 1339 4017 Licinius,
1364 3951 1399 4000 ut
1423 3941 1461 4010 X,

368 4061 400 4124 p.
425 4039 507 4114 tus,
536 4041 643 4102 Cultus
663 4047 697 4100 in
712 4042 742 4115 I,
764 4043 801 4103 de
820 4041 917 4105 Coelio
932 4043 1098 4124 Antipatro
1114 4038 1329 4124 accipiendum
1344 4053 1403 4104 ast.
1419 4043 1462 4102 Ex

367 4141 557 4206 carminibus
583 4143 736 4227 praecipue
750 4145 1012 4226 Epigrammatum
1036 4145 1185 4206 memoria
1205 4157 1316 4206 eraut.
1342 4143 1465 4222 Insigne

368 4255 415 4306 est
434 4259 486 4328 ap.
506 4242 616 4306 Sencc.
631 4242 780 4308 Controu
804 4245 867 4317 tlt,
892 4243 943 4319 19,
960 4245 999 4306 de
1022 4244 1179 4327 Pompeio,
1199 4235 1278 4326 quoti
1289 4244 1463 4328 explicatur
