3200 5344
815 463 818 474 ,
858 385 928 462 162

629 657 662 717 2.
678 675 789 718 orario
805 675 860 717 rao
876 675 989 716 urorum
1005 673 1142 716 utamur.

374 880 443 943 Cic.
461 881 553 942 Brut.
577 897 607 940 c.
632 878 686 956 tt,
710 878 769 942 160
783 897 791 939 :
805 877 955 940 Defendit
976 866 1085 959 postea
1107 873 1262 940 Liciniam
1277 863 1446 954 virginem,

312 997 426 1058 .quum
439 997 540 1060 annos
552 989 674 1066 septem,
685 988 718 1038 et
735 975 848 1058 viginti
868 986 956 1036 natus
966 987 1059 1036 esset.
1083 975 1122 1036 ln
1142 993 1180 1036 ea
1192 969 1261 1056 ipsa
1279 991 1372 1034 causa
1389 969 1446 1032 luit

334 1069 615 1156 eloquentissimus,
632 1077 844 1166 orationirque
857 1065 924 1150 ejus
945 1075 1078 1150 scriptas
1090 1069 1239 1160 quasdam
1251 1083 1357 1148 partes
1377 1069 1446 1127 reli·

356 1175 411 1230 ut‘t.

240 1290 306 1366 143
334 1193 354 1255 ‘l
376 1271 458 1332 Auta
469 1283 515 1331 est
528 1286 623 1330 oauaa
637 1285 667 1326 a.
686 1267 728 1332 U.
744 1264 819 1340 640,
836 1266 875 1324 L.
891 1264 1152 1345 Cassiupraetore.
1175 1261 1365 1350 [Dejudioio
1381 1259 1446 1344 ipso

292 1428 297 1439 ,
331 1371 370 1431 at
382 1368 490 1432 Cassio
505 1369 667 1450 quarinum
695 1363 795 1428 nirltia
815 1367 1055 1430 severitatemo
1071 1385 1103 1426 r.
1127 1361 1198 1427 Lir.
1223 1363 1308 1447 opu.
1329 1365 1452 1436 ox1113

335 1469 448 1530 meon.
462 1467 496 1528 in
509 1462 579 1529 cic.
593 1465 652 1530 Or.
668 1481 726 1546 pro
757 1462 864 1524 lllilou.
884 1483 912 1525 o.
932 1458 1033 1546 12(p;
1057 1459 1097 1521 46
1121 1461 1171 1522 ed.
1186 1459 1322 1546 orell.)=;
1338 1460 1445 1521 Valer.

335 1567 415 1628 Max.
446 1567 506 1640 lll,
534 1566 565 1640 l,
582 1565 623 1638 93
650 1563 741 1630 Oros.
761 1565 802 1638 V,
827 1563 876 1636 15;
893 1555 1049 1644 Porphyr.
1066 1559 1106 1625 ad
1123 1561 1235 1622 Horat.
1249 1559 1351 1624 serm.
1368 1561 1396 1632 1,
1412 1562 1443 1631 6,

340 1661 392 1724 30.
416 1664 564 1725 Notemua
580 1657 741 1722 Plutarchi
755 1678 908 1736 errorem,
925 1659 978 1740 qui
991 1653 1132 1740 quamvis
1151 1655 1369 1720 damnatarum
1390 1677 1430 1718 no

335 1756 432 1831 mina,
459 1755 629 1834 AEmiliam,
656 1755 821 1831 Marciam,
846 1752 1012 1828 Liciniam,
1034 1754 1160 1830 lrabeat,
1186 1765 1291 1818 tamen
1314 1775 1382 1816 rem
1405 1754 1443 1814 ad

333 1853 454 1919 Punica
475 1871 614 1940 tempora
630 1856 728 1918 refert
739 1855 856 1936 Qumst.
870 1857 961 1918 Rom.
989 1853 1112 1938 11360.
1136 1855 1282 1916 Ceterum
1299 1853 1445 1936 reliquias

333 1957 423 2041 liujus
435 1941 622 2020 delensionis
636 1958 712 2019 satio
726 1953 864 2033 insignes
879 1957 1077 2036 agnoscimus
1086 1953 1121 2016 in
1135 1957 1230 2018 lauet.
1248 1957 1288 2018 ad
1299 1957 1440 2016 llerenn.

333 2052 388 2132 lV,
408 2056 443 2118 16
459 2067 492 2116 et
506 2055 546 2118 35
559 2075 568 2114 ε
582 2054 683 2116 altero
697 2053 767 2114 loco
782 2053 819 2114 de
835 2053 955 2115 incesto
973 2071 1030 2136 per
1043 2047 1318 2114 ratiocinationem
1337 2051 1446 2132 quaeri·

332 2167 401 2228 urr;
431 2155 531 2220 altero
552 2156 591 2216 ad
612 2157 650 2220 L.
677 2153 815 2242 Cassium
836 2153 1030 2238 qumrimrem
1054 2153 1180 2216 videtur
1208 2173 1310 2216 sermo
1331 2153 1437 2234 dirigi.

335 2249 488 2340 Ellendt]
608 2257 609 2266 ’

541 2483 545 2497 “
588 2467 620 2530 3.
642 2485 752 2564 orario
774 2482 960 2532 natatoria
981 2487 1179 2531 utaturtmtnr.

375 2679 444 2746 Cio.
470 2683 558 2743 Brut.
575 2702 605 2743 o.
627 2666 680 2758 13,
701 2683 761 2749 160
779 2705 787 2744 :
804 2682 909 2745 Voluit
927 2682 1104 2747 adolescens
1121 2682 1156 2746 in
1179 2679 1301 2746 colonia
1322 2682 1439 2744 Narbo·

334 2777 424 2842 nansi
439 2797 539 2842 oausae
562 2781 720 2862 popularis
740 2777 859 2863 aliquid
878 2777 1053 2859 attingere,
1073 2799 1205 2862 eamque
1224 2780 1391 2850 onloniam,
1407 2793 1461 2840 ιι1Δ

333 2877 419 2954 lenit,
435 2876 502 2960 ipse
516 2880 680 2942 deducere.
700 2877 817 2940 Exstat
831 2884 864 2938 in
874 2899 945 2948 eum
957 2879 1058 2958 Iegem
1071 2883 1187 2954 rerunt,
1205 2893 1235 2938 ut
1257 2883 1300 2938 itu
1319 2879 1440 2952 diuam,

330 2996 426 3062 quam
438 2992 517 3038 ratus
529 2977 584 3036 illa
589 2977 730 3058 firebut,
745 2983 860 3038 oratio.

374 3075 449 3135 Haao
462 3092 554 3135 nausa
574 3093 603 3136 a.
627 3073 665 3133 U.
682 3074 854 3146 63601111,
868 3093 940 3136 cum
954 3073 1084 3138 Crassus
1099 3074 1162 3136 too
1171 3087 1204 3137 et
1217 3073 1333 3158 viginti
1343 3093 1440 3136 annos

276 3237 281 3247 ,
335 3187 409 3238 erat
419 3183 522 3234 natus.
535 3174 697 3237 -Vellei
715 3176 743 3246 l,
760 3176 812 3249 16,
829 3175 847 3236 6
860 3197 870 3234 =
886 3173 994 3238 Narbo
1008 3171 1142 3237 Martius
1156 3174 1192 3238 in
1206 3172 1312 3240 Gallia
1325 3175 1439 3238 Porcio

335 3273 515 3354 Marcioque
527 3272 613 3337 coss.
630 3275 761 3336 deducta
782 3276 906 3339 colonia
924 3288 985 3338 eat.
1005 3276 1138 3340 Senatus
1150 3275 1276 3351 Craton,
1304 3273 1437 3356 gratiam

331 3379 438 3463 populi
452 3393 517 3441 tum
537 3379 688 3460 captanti,
705 3379 820 3442 lrustra
834 3380 967 3446 obstitit.
996 3431 1002 3442 .

373 3477 441 3544 Cio.
452 3481 500 3542 De
511 3475 592 3541 ollio.
610 3479 655 3554 ΙΙ,
675 3476 712 3542 10
726 3501 734 3541 :
750 3483 847 3562 lltque
863 3481 928 3542 haee
941 3481 1120 3560 benignitas
1133 3481 1229 3543 etiam
1244 3481 1377 3564 reipubl.
1396 3494 1438 3542 ort

334 3575 430 3653 utilis,
446 3576 559 3654 redimi
570 3599 589 3642 e
600 3580 752 3642 servitute
763 3593 882 3662 captor,
895 3579 1081 3664 locupletari
1091 3583 1248 3644 tenuiores
1260 3602 1269 3642 r
1282 3584 1363 3662 quod
1374 3583 1438 3662 qui·

332 3677 402 3737 dem
420 3679 513 3758 vulgo
522 3675 649 3740 solitum
662 3676 732 3741 lieri
746 3679 786 3742 ab
802 3679 914 3742 ordine
928 3691 1037 3745 nostro
1048 3685 1080 3738 111
1093 3685 1235 3741 oratione
1250 3681 1355 3758 Crassi
1363 3678 1437 3744 sori·

332 3786 420 3857 ptum
435 3776 559 3862 eopiosa
573 3779 722 3842 videmos.
1329 3803 1332 3808 ·

366 3935 525 4007 locupletari
530 3936 676 4006 tonnam]
699 3937 812 3992 coloniis
822 3937 997 4002 tloduoentlis,
1011 3937 1091 3992 sinuli
1100 3938 1214 3992 Crassus
1223 3937 1319 3992 voluit.
1371 3957 1375 3966 ·
1453 3946 1456 3956 '

374 4088 564 4174 ltlemoratur
574 4089 686 4152 deinde
698 4088 800 4154 oratio
815 4090 853 4152 de
867 4089 989 4152 colonia
1001 4087 1200 4155 Narbonensi
1212 4088 1280 4152 Cic.
1299 4087 1346 4154 De
1358 4102 1437 4152 orat.

334 4188 377 4260 ll,
400 4189 450 4261 55,
466 4187 539 4266 223,
552 4183 607 4252 Or.
626 4210 683 4272 pro
698 4191 821 4254 Cluent.
835 4209 863 4250 o.
879 4191 931 4264 51,
947 4186 1081 4272 Quintil.
1098 4192 1155 4264 Vl,
1169 4190 1201 4262 3,
1215 4189 1267 4250 lt.
