3218 5320
583 533 584 536 ¹
687 497 757 568 337

170 638 254 712 hunc
274 637 375 696 locum
397 635 525 715 Epodon
550 631 727 698 Thotbeolt.
746 655 757 696 τ
777 637 853 698 tttuo
874 635 957 698 enim
983 635 1132 720 Torquato
1155 638 1275 696 consule

173 757 242 796 meo
258 735 336 797 nihil
354 731 438 796 aliud
452 733 766 818 sinistrarumque
781 741 847 818 ipre
863 751 951 796 naurs
963 745 1057 809 stum).
1066 737 1226 799 -Ciooro
1240 739 1275 800 in

173 837 269 896 Brute
284 854 312 894 u.
332 830 384 907 68,
403 829 465 894 239
486 833 545 893 aL.
562 833 877 914 Torquatuselegaus
900 835 934 894 in
954 831 1096 907 dicendo,
1116 833 1150 893 in
1173 835 1276 896 existi·

173 937 286 998 maudo
310 933 471 996 admodum
491 937 639 1017 prudens,
657 947 721 998 toto
738 950 855 1014 genere
870 935 1077 1018 perurbanus.
1100 969 1142 982 -
1156 935 1193 996 C.
1222 937 1275 1010 ld,

175 1034 234 1096 265
249 1054 256 1092 :
274 1032 398 1114 Reliqui
412 1045 496 1104 suut,
515 1029 567 1114 qui
582 1034 695 1095 mortui
707 1031 781 1107 sint,
798 1034 835 1095 L.
852 1035 1037 1114 Torquatus,
1060 1051 1150 1114 quem
1166 1045 1200 1092 tu
1214 1051 1278 1098 uon

176 1143 239 1192 tam
260 1125 326 1190 cito
346 1131 503 1190 rhetorem
525 1127 655 1192 dixisses
666 1129 745 1212 ⁴(etsi
761 1149 824 1192 nou
839 1132 947 1196 deerat
968 1132 1100 1214 oratio),
1117 1151 1227 1211 quam,
1249 1145 1284 1192 ut

175 1227 282 1292 Graeci
296 1229 418 1303 dicunt,
435 1242 566 1292 πολιτικόν.
589 1229 688 1290 Erant
706 1229 739 1290 in
760 1247 797 1290 eo
811 1227 953 1310 plurimm
964 1230 1064 1292 literae
1080 1249 1138 1292 uec
1153 1249 1197 1290 eae
1216 1231 1283 1292 vnl-

178 1348 286 1407 gores,
308 1329 362 1389 sed
382 1327 549 1390 interiores
573 1329 711 1410 qnoedam
726 1319 758 1390 e't
779 1331 958 1406 recondite,
981 1327 1090 1392 diuina
1108 1327 1282 1402 memoria,

177 1449 294 1490 summa
321 1429 488 1492 verborum
509 1444 542 1492 et
567 1427 706 1508 gravitas
725 1443 757 1492 et
781 1431 947 1510 elegantia.
974 1433 1073 1512 Atque
1093 1433 1159 1494 haec
1180 1434 1284 1494 omnia

177 1527 249 1589 vite
263 1527 433 1588 decorabat
446 1531 585 1606 gravitas
599 1531 632 1589 dt
645 1525 825 1606 integritas.

220 1629 395 1707 Torquatus
410 1619 525 1708 praetor
538 1629 594 1690 luit
609 1649 639 1688 a.
656 1631 696 1696 U.
715 1629 788 1690 tot.
803 1632 897 1690 Anno
910 1641 1012 1691 autem
1024 1630 1083 1692 tut
1100 1619 1233 1706 interiit,
1251 1642 1286 1699 m

179 1728 299 1786 Auctor
322 1727 360 1786 de
383 1725 467 1786 bello
492 1725 589 1786 unte.
616 1746 645 1788 c.
672 1728 711 1788 96
735 1738 857 1788 narrat.
883 1729 928 1788 Ex
949 1728 1055 1791 eodem
1072 1729 1142 1790 loco
1162 1729 1283 1802 elucet,

176 1823 365 1886 Ciceronem
374 1824 504 1884 Brutum
512 1841 598 1883 suum
609 1835 663 1884 aut
673 1824 708 1884 iu
721 1822 784 1884 fine
796 1843 825 1883 a.
842 1822 899 1884 tot
916 1837 969 1886 aut
982 1845 1011 1885 u.
1028 1825 1088 1888 708
1104 1823 1283 1884 absolvisse.

182 1919 246 1982 Alii
262 1933 296 1982 ut
310 1922 494 2005 Bernhardy
510 1921 544 1982 in
566 1923 647 1984 llist.
664 1924 754 1984 Rom.
777 1921 910 1982 litterat.
928 1942 958 2003 p.
984 1921 1046 1988 299
1066 1923 1156 1985 circa
1171 1941 1289 1984 anuum

184 2021 244 2096 too
271 2019 386 2082 lihmm
406 2019 608 2101 compositum
630 2031 755 2102 putant.
778 2017 929 2099 Equidem
945 2040 1009 2082 nun
1034 2019 1166 2094 affirmo,
1191 2030 1289 2080 tutum

181 2119 297 2180 librum
312 2137 395 2180 anno
411 2120 608 2182 demumlll'l
625 2118 801 2180 conlectum
818 2137 885 2178 esse
898 2138 908 2178 a
923 2114 986 2180 ulia
1000 2119 1085 2182 euim
1096 2135 1170 2200 pars
1184 2117 1290 2199 priore

181 2233 322 2302 tempore
340 2216 458 2301 scripta
473 2221 607 2296 videtur,
633 2233 668 2281 ut
692 2223 794 2296 metus,
819 2221 853 2282 in
872 2239 932 2299 quo
954 2221 993 2283 de
1013 2218 1133 2282 Catone
1147 2213 1291 2286 Uticensi

181 2318 317 2399 loquitur
329 2316 412 2400 (cip.
429 2319 481 2392 31,
498 2319 582 2402 118),
599 2332 672 2382 ante
683 2331 816 2382 mortem
831 2319 909 2400 ejus,
926 2336 993 2398 quoe
1003 2317 1110 2379 itidem
1124 2314 1159 2378 in
1174 2333 1291 2377 anuum

184 2416 243 2478 tot
271 2412 393 2491 incidit,
425 2416 603 2478 necessario
627 2416 823 2498 conscriptus
849 2427 896 2477 est
920 2437 928 2476 ι
955 2415 1000 2477 ibi
1029 2412 1114 2478 enim
1141 2415 1291 2476 monem

181 2516 287 2578 vivum
303 2513 403 2594 lingit.
424 2515 536 2577 Eidem
545 2533 628 2576 auno
643 2519 685 2582 U.
706 2515 765 2578 tot
781 2515 835 2578 hic
847 2515 987 2594 dialogus
1009 2511 1175 2578 Ciceronis
1188 2507 1290 2574 viudi-

181 2628 273 2677 cssur
298 2618 332 2676 in
357 2614 461 2694 Pighii
481 2618 598 2680 Annei.
621 2619 684 2676 vol.
703 2619 765 2690 lll,
782 2637 814 2697 p.
833 2615 907 2677 459.
927 2609 1033 2699 [Gont.
1046 2616 1188 2676 -Glintom
1207 2613 1290 2675 Fnst.

183 2734 214 2791 p.
235 2713 309 2773 203.
334 2709 525 2797 mrtem]
628 2718 631 2724 ’

255 2951 258 2964 ·
331 2926 535 2997 LXXXIX.
568 2927 611 2998 C.
646 2926 850 2998 Scribonius
878 2927 1001 3012 Curi0,
1029 2923 1074 2998 C.
1100 2929 1143 2996 ll.

232 3141 300 3204 Cic.
323 3143 438 3202 Brutus
459 3161 488 3204 c.
507 3141 560 3219 81,
583 3143 644 3206 230
662 3163 669 3202 =
688 3143 725 3202 C.
742 3141 837 3205 Curio
853 3142 897 3203 ita
910 3139 1003 3202 facile
1015 3143 1174 3224 soluteque
1189 3139 1295 3202 verbis

187 3241 334 3307 volvebat
346 3237 422 3304 satis
430 3243 588 3305 interdum
598 3237 715 3318 acutas,
731 3241 859 3304 crebras
870 3241 992 3324 quidem
1008 3255 1095 3305 certe
1110 3241 1293 3317 sententias,

187 3357 222 3404 ut
236 3343 314 3404 nihil
324 3355 427 3424 posset
441 3343 581 3404 ornatius
592 3363 670 3418 esse,
691 3340 771 3405 nihil
785 3343 970 3424 expeditius.
987 3346 1088 3424 Atque
1099 3343 1152 3404 hic
1166 3363 1185 3403 a
1199 3341 1293 3421 magi

185 3439 261 3502 stris
280 3456 392 3522 parum
415 3437 587 3517 institutus,
605 3451 749 3502 naturam
770 3440 879 3501 habuit
898 3435 1118 3502 admirabilem
1133 3441 1173 3500 ad
1189 3440 1295 3524 dicen·

186 3540 272 3598 dum.
293 3537 482 3598 ludustriam
497 3556 561 3598 uon
579 3555 648 3597 sum
663 3550 821 3618 expertus:
845 3537 979 3598 studimn
998 3551 1085 3598 certe
1103 3533 1173 3596 tuit.
1191 3534 1254 3618 Qui
1269 3539 1296 3597 si

189 3657 240 3698 me
264 3634 373 3698 audire
394 3635 553 3708 uoluisset,
581 3647 615 3696 ut
634 3649 783 3722 coeperat,
801 3637 936 3699 honores
952 3655 1043 3718 quam
1059 3655 1133 3718 opes
1146 3633 1297 3716 consequi

189 3735 357 3798 maluisset.
411 3723 414 3730 ’
1254 3751 1256 3756 ’

236 3833 333 3912 Hujus
346 3829 501 3907 Curionis,
519 3831 641 3915 opinor,
659 3833 802 3895 meminit
815 3836 849 3895 in
861 3829 1003 3897 oratione
1013 3833 1145 3915 quadam
1158 3833 1296 3903 Tacitae,
1360 3859 1366 3873 ·

194 3931 311 3992 huual.
334 3929 393 4006 XI,
419 3933 451 4004 7,
468 3949 537 3993 oum
561 3927 649 4003 dicit,
663 3922 809 4010 prompta
830 3931 887 3990 sibi
903 3951 971 3990 esse
994 3931 1154 4008 exemplu,
1177 3935 1298 4016 quantis
1323 3929 1327 3938 '

196 4033 393 4092 mercedibus
410 4029 539 4092 Publius
565 4031 687 4116 Clodius
715 4033 765 4092 aul
783 4031 875 4092 Caius
902 4031 994 4116 Curc'o
1020 4035 1195 4091 concionari
1214 4031 1299 4091 soliti

199 4133 267 4188 sint.
521 4121 523 4127 ’
639 4146 641 4150 ·

243 4229 347 4292 Schol.
364 4231 509 4302 Ambros.
528 4227 633 4292 Cicer.
648 4225 681 4290 in
696 4231 732 4291 Ρ.
748 4230 911 4294 Claudium
922 4229 1165 4318 inhrgumento
1182 4247 1216 4312 p.
1239 4227 1300 4290 330
1326 4235 1397 4310 220

79 4323 83 4329 ’
133 4343 136 4351 ’
201 4330 253 4390 ed.
268 4327 367 4391 Orell.
386 4353 395 4388 z
412 4331 489 4390 Tres
509 4328 570 4390 illis
587 4325 778 4412 temporibus
802 4329 957 4393 Curiones·
968 4329 1083 4392 illustri
1105 4332 1231 4393 nomine
1250 4349 1302 4392 ex·

1052 4443 1190 4510 ,4,
