3212 5326
654 444 722 516 169

204 585 276 640 riam
287 589 372 638 toules
381 582 422 635 les
434 579 549 654 charges.
565 577 614 632 Vel
631 577 721 650 potius
739 575 766 628 in
779 575 870 630 ordine
887 574 1046 645 meruissem,
1063 597 1112 650 pro
1125 578 1201 632 miles
1212 581 1241 631 in

213 670 318 743 legione
335 678 439 720 tuntum
456 663 575 717 luissem.
596 661 627 714 ld
646 662 718 714 enim
737 663 824 713 estin
843 657 931 712 ordine
950 677 1053 714 merere,
1067 663 1102 716 v.
1118 665 1239 716 an'tin.

215 757 327 828 Stmteg.
337 753 385 814 lv,
399 753 422 804 l.
433 773 446 800 ι
454 747 570 814 Baetin]

187 907 296 969 Festus
303 903 489 966 tPrimanus
497 899 631 960 tribunus
643 900 725 982 apud
734 864 885 964 Catonem
895 899 930 962 iu
938 917 986 974 eu,
999 917 1067 979 quse
1079 909 1126 962 est
1136 911 1246 962 contra

141 1003 314 1068 'Thermum
324 1002 365 1064 de
376 995 440 1062 suis
449 996 628 1060 virtutibus.

181 1169 196 1198 *
203 1167 345 1220 Prunanus
357 1169 405 1232 ir.]
417 1161 517 1216 Paulus
528 1158 558 1214 in
568 1161 689 1232 Epitome
698 1179 705 1210 ε
715 1181 728 1208 ι
737 1159 789 1212 Pr.
804 1165 841 1211 ir.
856 1171 913 1211 erut
925 1160 973 1229 qui
984 1158 1075 1230 primm
1087 1157 1188 1230 legioni
1199 1159 1250 1210 tri.

217 1247 315 1303 butum
326 1244 467 1300 scribelist.
479 1265 492 1292 ι
503 1243 558 1312 Qui
569 1239 682 1294 tribunos
695 1239 799 1294 ararim
811 1241 917 1294 ridetur
928 1240 958 1292 in
972 1253 1060 1297 ments
1069 1239 1206 1304 hahuisse,
1221 1254 1252 1293 ut

218 1353 263 1406 up·
271 1335 416 1388 Varronem
430 1332 468 1382 De
483 1329 515 1380 L.
529 1329 592 1381 inv
600 1345 683 1399 prope
696 1327 743 1380 fin.
763 1329 830 1380 Nam
843 1327 900 1400 ipse
912 1326 1083 1379 concinnavit
1095 1325 1251 1398 explicatio-

220 1435 284 1470 nem
292 1434 371 1488 vum
381 1412 452 1486 apud
462 1413 571 1464 Festum
577 1425 635 1462 nen
644 1410 783 1464 inveniret.
797 1409 957 1480 Simpliciter
970 1421 1012 1462 est
1025 1408 1150 1460 tribunus
1162 1408 1253 1478 primte

220 1501 345 1574 legionis.

191 1643 320 1704 Festus:
337 1642 531 1720 Repastinan'
550 1657 626 1716 ager
646 1638 673 1699 is
695 1638 852 1699 dicitur...
877 1637 964 1720 cujus
985 1649 1098 1700 ustura
1118 1649 1256 1700 mutatur

147 1739 309 1811 fodiendo,
321 1757 391 1801 cum
406 1751 461 1800 aut
474 1737 618 1800 silvester
632 1737 843 1808 excodioatur,
862 1747 915 1796 aut
929 1735 1009 1817 lapis
1024 1735 1162 1801 mollitur
1174 1736 1258 1796 lran-

149 1836 267 1912 gendo,
283 1846 319 1896 ut
339 1832 395 1896 liat
415 1853 559 1916 pascuus,
572 1833 622 1895 vel
637 1831 804 1914 pecoribus
818 1832 928 1906 herba,
943 1833 995 1894 uel
1011 1833 1188 1896 hominibus
1208 1852 1255 1894 sa·

151 1935 253 1998 tione.
270 1935 346 1996 Ceto
359 1935 394 1996 in
408 1953 457 2010 ea,
473 1953 565 2014 quam
580 1928 707 2013 scripsit
720 1933 757 1993 de
773 1934 836 1994 suis
850 1931 1018 1994 virtutibus
1039 1944 1150 1992 contra
1160 1933 1256 1994 Ther-

148 2051 261 2094 ·tuumt
278 2030 346 2110 Ego
353 2027 427 2115 jam
440 2051 461 2089 a
471 2033 626 2110 principio
639 2034 677 2087 in
691 2033 879 2108 parsimonia
895 2043 983 2113 atque
998 2034 1030 2089 in
1044 2030 1156 2088 duritia
1171 2043 1259 2112 atque

153 2133 309 2192 industria
327 2151 450 2202 omnem
469 2131 676 2191 adohoeentia
687 2149 828 2189 mmeam
845 2129 992 2205 abstinui,
1017 2149 1093 2210 agro
1114 2129 1257 2202 colentia,

151 2233 246 2292 saxis
257 2227 392 2304 Sabinis,
402 2229 540 2290 silicibus
551 2230 776 2308 repastinandis
789 2244 877 2313 atque
891 2231 1099 2291 conserendis.

185 2391 317 2460 abstritus]
325 2392 380 2446 vixi
391 2405 508 2446 remotus
518 2393 550 2444 ab
563 2393 649 2446 omnis
662 2391 767 2466 generis
779 2391 891 2445 deliciis.
910 2395 975 2445 Ant.
988 2393 1157 2466 Augustinus
1169 2411 1260 2445 emen-

227 2473 429 2530 daritobsiinui.
442 2475 541 2547 Popnrn
551 2475 701 2528 adnotavit:
714 2497 728 2526 ι
736 2473 943 2528 Adolescenit'atn
954 2472 1070 2528 abstinui
1078 2475 1106 2527 id
1121 2488 1163 2528 est
1176 2493 1261 2529 remu-

226 2576 283 2616 tsm
298 2563 390 2626 habui,
409 2561 508 2616 abduxi
524 2561 656 2614 sciliceta
674 2561 739 2614 luxu
757 2574 785 2618 et
800 2561 913 2624 deliciis,
927 2563 997 2615 sicut
1010 2563 1112 2632 culpant
1123 2561 1262 2616 abstineant

227 2644 319 2698 Pinut.
335 2643 490 2698 Menoechm.
508 2661 557 2716 pro
571 2655 689 2697 remmus
705 2643 756 2695 sim
768 2661 783 2694 a
796 2643 890 2714 culpe3
906 2644 1026 2713 quumvis
1038 2645 1092 2696 sint
1108 2645 1154 2716 qui
1170 2644 1263 2698 malint

227 2727 347 2782 obstinut'
351 2720 536 2788 telebtit'navt‘,
545 2746 612 2798 quos
621 2740 748 2796 sequntur
756 2727 803 2796 qui
812 2727 893 2780 volet.
906 2749 919 2776 s

187 2810 269 2866 sasi't·
277 2807 391 2878 Sabinis]
400 2811 438 2862 sie
447 2807 582 2862 Plutvit.
591 2809 650 2860 Cat.
661 2827 685 2858 c.
698 2810 722 2870 l;
732 2807 800 2885 Nep.
813 2827 837 2858 o.
849 2809 871 2856 l.
883 2847 887 2853 .

201 2961 301 3024 Aliud
319 2955 690 3036 Catonislragmentum,
712 2951 806 3016 simili
827 2967 1022 3034 argumento,
1045 2955 1080 3018 in
1099 2959 1138 3019 Α.
1160 2957 1264 3024 Gellio

154 3058 339 3126 invenimus
352 3056 678 3134 x111,23=M.Cato,
696 3057 866 3120 consularis
887 3069 920 3119 et
941 3058 1110 3134 censorius,
1132 3061 1265 3144 publicis

154 3163 226 3246 ism
240 3157 432 3240 privatisque
446 3157 601 3239 opulentis
614 3156 717 3234 rebus,
734 3152 824 3222 villas
837 3176 910 3220 suas
922 3157 1093 3222 inexcultas
1112 3174 1145 3222 et
1159 3163 1261 3238 rudes,

156 3281 203 3324 -ne
227 3257 361 3320 tectorio
383 3257 508 3339 quidem
530 3253 668 3338 praelitas
690 3257 766 3320 tlicit
789 3258 829 3320 sd
844 3277 959 3321 annum
977 3277 1072 3340 usque
1085 3259 1183 3325 etatis
1204 3283 1264 3324 sum

155 3358 444 3445 septuagesimum
460 3361 562 3439 Atque
577 3354 622 3418 ibi
636 3371 741 3440 postea
757 3357 808 3422 his
825 3357 932 3424 verbis
951 3355 1067 3424 utitur:
1083 3363 1196 3447 Neque,
1215 3365 1265 3426 in·

159 3461 245 3545 quit,
263 3457 339 3520 mibi
357 3458 521 3539 aedificatio
535 3478 630 3543 neque
642 3481 751 3520 nasum
768 3481 863 3545 neque
878 3465 1091 3523 vestimentum
1110 3461 1202 3524 ullum
1220 3479 1266 3524 est

161 3563 437 3640 manupretiosum,
451 3577 545 3642 neque
554 3561 705 3638 pretiosus
719 3579 836 3632 servus,¹
848 3581 942 3646 neque
952 3562 1063 3622 ancilla
1072 3559 1129 3621 est.
1146 3563 1183 3622 Si
1193 3567 1264 3646 quia
1341 3631 1347 3640 υ

160 3674 225 3734 est,
238 3651 351 3738 iuquit,
365 3655 534 3740 quodnisi,
547 3669 632 3728 utcr;
641 3659 670 3716 si
679 3661 739 3716 tion
749 3671 806 3726 est,
817 3677 892 3738 egeo
903 3683 914 3716 .·
926 3679 1013 3718 suurn
1024 3662 1132 3742 cuique
1143 3679 1203 3738 per
1215 3680 1266 3718 me

164 3761 213 3817 uti
225 3768 316 3838 atque
323 3753 398 3834 frui
414 3751 495 3812 iicet.
508 3753 586 3814 Tum
599 3747 710 3814 deinde
721 3749 824 3814 addit:
838 3753 875 3818 V
871 3759 926 3814 itio
945 3768 1076 3830 vertunt,
1088 3759 1158 3839 qnia
1175 3757 1268 3816 multa

165 3871 270 3934 egeo.-
281 3863 314 3910 at
324 3869 382 3929 ego
392 3847 466 3924 illis,
477 3852 547 3933 quia
558 3863 705 3934 nequeunt
715 3869 819 3930 egere.

210 3998 441 4072 manupretiosum]
462 4000 524 4054 vid.
539 3999 692 4054 Schneider.
705 3997 737 4053 ud
749 4001 844 4054 Geton.
857 4001 892 4052 tt.
908 4000 987 4053 liunt.
1001 3971 1024 4054 c.
1042 3999 1083 4067 14,
1097 4001 1182 4076 pssbi.

220 4141 342 4207 Gellius
363 4143 448 4220 xvi,
468 4144 506 4204 ll
521 4165 529 4203 ι
542 4142 648 4208 Verba
662 4155 734 4206 sunt
751 4139 879 4206 Catonis
895 4161 934 4206 ex
955 4139 1107 4221 oratioue,
1129 4149 1272 4228 quamde

173 4236 246 4306 suis
259 4235 428 4307 virtutibus
441 4239 549 4310 habnt
562 4263 570 4303 t
587 4239 687 4305 Aliud
696 4255 741 4304 est
752 4260 929 4329 properare,
949 4240 1209 4334 aliudfirstinare:
1221 4253 1273 4332 qni

1096 4375 1130 4410 22
