3212 5326
696 423 761 494 119

211 551 380 622 Diomedes
399 555 449 624 ΙΙ,
472 573 504 634 p.
526 551 607 616 468:
631 555 691 620 «Si
713 559 885 641 penultimo
905 563 999 630 fuerit
1020 573 1199 662 tribrachys
1222 582 1272 644 vel

168 653 372 738 pyrrhichius
393 666 426 716 et
445 671 585 736 paeonum
604 658 791 724 successerit
806 660 926 744 primus
945 680 977 732 et
998 669 1191 753 novissimus,
1208 680 1272 744 erit

169 755 297 836 antiqua
311 764 479 827 structura,
499 772 564 833 quae
578 754 694 816 dieitur
708 759 907 838 confragosa:
921 783 981 844 qua
999 785 1072 830 usus
1088 785 1133 832 est
1149 776 1263 840 Caro.»

215 849 315 940 [Adde
324 847 461 913 Bolhuis.
473 871 504 933 p.
517 845 652 937 tusqq]

509 1029 537 1088 l.
560 1047 674 1091 enarro
687 1051 725 1092 ns
740 1028 814 1096 nese
827 1055 929 1098 orris.

208 1178 1268 1276 Hanc‘orationemCatohabuitconsulann0558.LivinsXXXlV,l:

174 1279 283 1340 alnter
295 1278 447 1340 bellorum
462 1297 646 1358 magnorum
658 1295 711 1345 aut
724 1281 851 1347 vixdum
862 1285 1023 1354 finitorum
1039 1307 1093 1354 aut
1106 1295 1270 1362 imminen-

164 1379 243 1440 tium
253 1399 345 1443 curas
354 1377 534 1442 intercessit
544 1402 596 1444 res
606 1403 705 1464 parva
715 1386 812 1461 dictu,
822 1391 876 1451 sed
887 1411 952 1470 quae
961 1391 1115 1459 studiisin
1125 1418 1269 1481 magnum

164 1495 324 1542 certamen
336 1483 518 1544 excesserit.
533 1484 576 1543 Μ.
586 1483 766 1548 Fundanius
781 1501 814 1550 et
827 1491 863 1552 L.
873 1493 1017 1556 Valerius
1030 1493 1150 1561 tribuni
1165 1502 1269 1584 plebei

164 1579 204 1638 ad
223 1579 345 1660 plebem
365 1581 506 1641 tulerunt
528 1580 566 1641 de
587 1580 688 1663 Oppia
710 1583 777 1664 lege
797 1586 990 1668 abroganda.
1006 1593 1135 1658 Tulerat
1147 1617 1215 1660 eam
1228 1600 1265 1664 G.

163 1673 282 1758 Oppius
292 1677 437 1738 tribunus
444 1675 545 1760 plebis
553 1678 593 1760 Q.
608 1679 705 1742 Fabio
715 1681 806 1766 (ΙΙΙ),
819 1685 867 1745 Ti.
880 1687 1065 1770 Sempronio
1073 1693 1159 1757 Coss.
1174 1703 1268 1774 (anno

160 1774 201 1839 'U-
215 1775 288 1856 538)
305 1772 338 1836 in
352 1775 453 1836 medio
467 1776 580 1838 ardore
593 1775 704 1838 Punici
716 1776 804 1850 belli,
816 1803 856 1840 ne
868 1805 927 1867 qua
942 1787 1051 1848 mub'cr
1061 1791 1132 1868 plus
1146 1815 1267 1854 semun-

160 1877 245 1932 ciam
269 1879 341 1933 auri
366 1873 510 1944 baberet,
539 1897 598 1936 neu
619 1881 800 1939 vestimento
825 1885 1009 1946 versicolori
1036 1905 1182 1967 uteretur,
1209 1917 1267 1954 neu

154 1964 263 2050 juncto
283 1971 424 2030 vehiculo
446 1976 478 2030 in
498 1973 572 2032 urbe
589 1975 735 2051 oppidove
755 1991 807 2034 aut
824 1985 954 2056 propius
973 1986 1045 2044 inde
1059 1989 1144 2048 mille
1156 2011 1284 2068 passus.

160 2073 225 2128 nisi
243 2089 403 2130 sacrorum
421 2069 614 2148 publicorum
628 2092 721 2132 causa
734 2072 906 2135 veheretur.
922 2103 937 2134 s
949 2117 950 2120 =
961 2081 1003 2144 Μ.
1024 2082 1112 2157 Cato,
1136 2086 1189 2167 qui
1205 2107 1267 2169 ¹per

159 2177 258 2228 totam
272 2162 368 2229 vitam
383 2163 577 2250 parcimonia
596 2181 629 2231 et
649 2173 817 2233 severitate
834 2193 956 2236 morum
970 2182 1194 2262 rempublicam
1214 2206 1265 2249 eu·

159 2261 286 2339 stinuit,
303 2265 458 2348 precipue
473 2277 582 2327 auctor
595 2262 670 2340 luit,
694 2287 734 2328 ne
755 2287 793 2330 ea
812 2268 864 2330 lex
885 2271 1074 2338 aboleretur.
1100 2280 1267 2348 Placuerat

160 2363 316 2446 quondam
331 2365 433 2446 Oppia
447 2365 515 2437 lex,
538 2365 730 2447 temporibus
744 2368 825 2450 reip.
840 2369 872 2430 id
887 2374 1133 2456 postulantibus,
1151 2394 1186 2442 ut
1199 2403 1264 2447 mn·
1296 2371 1333 2442 ll

157 2463 252 2530 lieres
266 2467 300 2528 in
319 2463 426 2549 inopia
445 2478 478 2528 et
499 2462 628 2528 miseria
648 2464 788 2530 civitatis
808 2475 957 2552 pecunias
976 2474 1128 2558 privatas,
1147 2503 1214 2563 quae
1230 2487 1265 2548 in

156 2565 316 2652 publicum
325 2587 414 2630 usum
423 2565 508 2630 verti
519 2569 686 2653 debebant,
700 2591 763 2631 non
779 2568 813 2631 in
824 2586 929 2636 vestes
945 2589 978 2637 et
992 2578 1149 2644 luxuriam
1161 2585 1258 2647 elluo·

158 2670 279 2731 derant.
295 2665 526 2731 Remittcbatur
539 2682 646 2749 postea
660 2681 752 2748 atque
766 2670 979 2748 abrogabatur
992 2677 1058 2754 lex,
1075 2678 1147 2760 qnia
1162 2685 1262 2746 Roma

156 2762 333 2827 Hannibale
353 2761 439 2826 victo
454 2760 496 2845 (a.
511 2765 584 2848 552)
603 2762 722 2825 diuitiis
743 2765 923 2829 abundabat
941 2770 1258 2852 Carthaginiensium.

154 2864 307 2928 Catonem
318 2862 464 2926 uicerunt
476 2875 637 2925 matronae.

198 2967 302 3046 Ipsam
323 2961 448 3043 quidem
469 2961 643 3026 orationem
664 2983 727 3027 non
748 2964 914 3040 habemus,
938 2987 1038 3051 neque
1058 2973 1139 3034 ullos
1159 2996 1261 3055 gram·

155 3061 286 3122 maticus
302 3059 508 3137 fragmentum
528 3059 595 3143 ejus
614 3073 787 3124 memorat:
811 3077 899 3125 errat
914 3061 998 3126 enim
1012 3066 1170 3148 Sigonius,
1188 3094 1260 3138 cum

155 3161 195 3220 ad
209 3157 333 3220 Livium
343 3155 490 3232 XXXIV,
505 3157 518 3218 1
526 3205 534 3234 ,
547 3159 576 3234 i,
594 3156 671 3222 dicit
683 3184 691 3220 ι
712 3159 792 3219 Citct
801 3159 986 3222 Priscianus
1001 3162 1078 3226 banc
1092 3175 1261 3232 orationem

154 3277 228 3314 cum
239 3253 296 3316 doc
311 3255 432 3314 indice.-
449 3254 523 3314 Cato
538 3259 570 3314 in
583 3261 743 3316 oratione.-
760 3256 805 3316 Ne
818 3257 872 3316 lex
888 3259 1190 3344 Oppiagabrogetur:
1205 3273 1260 3334 sed

153 3354 262 3420 Livius
282 3351 545 3436 elegantissimam
566 3353 739 3420 orationem
760 3355 816 3418 lib.
835 3357 976 3438 XXXIV,
995 3363 1026 3440 2,
1048 3365 1078 3442 3,
1095 3365 1127 3442 4,
1145 3369 1259 3435 Catoni

152 3456 277 3533 tribuit,
293 3457 328 3523 in
348 3481 408 3542 qua
428 3472 565 3523 mentem
586 3475 678 3542 atque
692 3481 816 3523 sensum
830 3460 971 3538 Catonis,
988 3467 1088 3530 verba
1106 3483 1210 3534 autem
1225 3489 1257 3536 et

152 3557 291 3618 colorem
304 3553 389 3619 Livii
404 3577 472 3620 esse
486 3572 572 3642 puto.
589 3555 669 3621 Vide
682 3560 822 3621 adnotat.
839 3561 879 3620 ad
892 3557 1033 3624 Africani
1048 3565 1175 3646 maJ’oris
1189 3591 1257 3632 ora-

150 3651 277 3728 tionem,
294 3674 327 3737 p.
340 3655 371 3716 7.
391 3647 505 3740 [Recte
523 3655 584 3716 huc
604 3653 714 3716 retulit
727 3652 794 3737 ipse
809 3657 955 3740 Meyerus
968 3659 1110 3722 Athenaei
1131 3678 1164 3725 et
1183 3665 1255 3728 Plu·

151 3751 256 3814 tarchi
279 3756 379 3826 locos,
403 3754 486 3818 iulra
511 3777 543 3839 p.
564 3756 602 3840 91
628 3758 811 3838 exscriptos.
838 3754 960 3840 Quibus
984 3759 1166 3842 subjicimus
1189 3767 1255 3831 haee

151 3851 311 3930 Bolhuisii,
327 3877 359 3938 p.
376 3856 454 3918 1562
472 3883 486 3913 a
504 3858 643 3920 Zonaras
657 3859 740 3920 Ann.
753 3859 810 3931 1x,
827 3859 876 3933 ll,
898 3879 1037 3924 servasse
1059 3885 1096 3927 ea
1115 3866 1252 3946 uidetur,

146 3946 217 4030 r'puae
231 3948 266 4012 in
278 3949 479 4015 conclusione
491 3951 642 4016 orationis
656 3951 736 4016 dixit
747 3953 824 4018 Cato
843 3977 851 4016 ι
866 3973 1048 4043 κοσμείσιωσαν
1068 3975 1106 4032 οὖν
1123 3981 1148 4032 at
1170 3986 1260 4054 purat-¹

151 4065 201 4108 κις,
220 4047 280 4117 μήτε
304 4056 398 4120 χρυσῷ,
420 4049 480 4120 μήτε
494 4049 576 4114 λίθοις,
597 4051 684 4107 duom
704 4051 809 4123 ἀνθηροῖς
824 4053 866 4106 καὶ
881 4055 1017 4129 &pop-pirate
1032 4061 1166 4133 ἱσθήμιισιν,
1188 4067 1252 4120 ἀλλὰ

147 4143 296 4212 σωφροσύνῃ,
313 4141 451 4214 φιλανδρίαι,
466 4145 611 4216 φιλιτιιινίᾳ,
634 4147 721 4212 eutici,
739 4147 884 4218 μετριότητι,
898 4153 946 4210 τοῖς
961 4152 1039 4224 νόμοις
1056 4159 1104 4218 τοῖς
1117 4163 1249 4232 κειμένοις,

147 4253 196 4311 τοῖς
210 4251 289 4312 ὅπλοις
302 4257 350 4314 τοῖς
363 4257 495 4327 ἡμετέροις,
509 4261 561 4316 ταῖς
575 4256 659 4322 νίκαις,
673 4261 721 4318 τοῖς
734 4259 865 4330 τροπαίοις.
878 4251 947 4333 Quo
958 4255 1055 4336 magis
1063 4257 1129 4324 haec
1138 4279 1251 4328 revera
