3218 5320
863 389 933 461 318

387 527 493 588 Festus
513 526 630 607 :Sufes
655 523 773 613 dicitas
798 531 967 592 Poeuorum
996 525 1228 616 maglistratus.
1249 528 1384 593 Calidius
1408 531 1439 592 iu

343 627 478 684 oratione
496 619 540 712 [in
559 625 600 706 Q.
630 622 813 714 Caeci]lium
830 652 840 683 .·
860 627 965 688 Nonne
985 626 1084 698 vobis,
1100 621 1257 713 j[udices,
1282 625 1396 717 ignem]
1413 643 1443 687 ct

334 721 611 904 QUZAEJW·
623 737 653 782 et
672 719 984 810 [fiammaloideiuri
997 725 1127 786 Senatus
1145 721 1279 811 censistit
1293 726 1441 806 refirenti·

381 981 414 1046 0.
433 983 581 1054 Coeeilt'um]
603 985 744 1058 legendum
764 987 874 1039 fortasse
892 987 918 1038 in
933 987 965 1052 (J.
988 985 1114 1039 Gallam.
1135 985 1243 1052 [Recteg
1259 986 1347 1040 Coect'l.
1360 985 1393 1039 ab
1406 985 1445 1038 in-

415 1069 609 1122 stauratorihus
623 1069 695 1122 Festi
707 1075 771 1137 est]

379 1216 498 1286 Sufiit's]
518 1239 567 1292 pro
583 1220 734 1284 Sufetibus.
754 1221 786 1274 lu
805 1221 895 1276 codice
911 1221 1057 1292 Basileensi
1078 1221 1213 1294 Epitomes
1235 1219 1309 1276 Festi
1330 1220 1447 1274 Pauline

414 1303 515 1374 legitur
538 1326 544 1356 a
560 1305 639 1375 Sufes
651 1306 743 1359 consul
753 1307 843 1379 lingua
853 1308 1001 1360 Poenorum.
1018 1306 1130 1360 Ccct'ltiss
1147 1304 1245 1377 nquit,
1262 1305 1376 1360 Seruatus
1390 1325 1447 1358 acn-

418 1387 476 1440 sua't
484 1387 777 1460 reflarenta'dussuffeiic.
790 1391 839 1454 [tt
852 1388 899 1442 ulii
911 1388 987 1442 codd.
1004 1405 1046 1460 ap.
1063 1387 1277 1440 Lindemuunusu
1290 1399 1361 1440 tecte
1375 1385 1448 1440 Caii·

415 1469 486 1523 dius.
497 1475 507 1536 ]

386 1617 454 1681 Cic.
470 1621 560 1680 Brut.
583 1639 614 1680 c.
630 1619 683 1694 80,
700 1621 761 1682 itt
780 1642 788 1681 ι
809 1621 948 1697 Memini,
966 1641 1036 1684 cum
1055 1620 1194 1684 Calidius
1210 1625 1242 1680 in
1255 1624 1449 1680 accusatione

345 1737 400 1775 sua
418 1717 460 1797 Q.
478 1714 584 1778 Gallio
600 1713 726 1780 crimini
750 1719 894 1794 dedisset,
923 1719 984 1782 sibi
1006 1739 1076 1782 eum
1099 1737 1254 1782 venenum
1268 1717 1445 1800 paravisse,

344 1813 435 1894 idque
446 1833 465 1874 a
476 1833 509 1875 sc
520 1828 585 1877 esse
596 1815 820 1898 deprehensum
827 1835 953 1899 seseque
965 1817 1187 1900 chirographa,
1201 1809 1446 1888 testificationes,

344 1911 474 1988 indicia,
501 1917 680 1997 quaestiones
700 1917 895 1982 manifestam
915 1939 981 1979 rem
1001 1917 1122 1981 deleme
1142 1916 1273 1987 diceret,
1301 1915 1400 1996 deque
1414 1933 1449 1975 eo

345 2017 478 2079 crimine
493 2031 640 2081 accurate
653 2032 685 2080 et
699 2017 851 2102 exquisite
867 2019 1099 2103 disputavisset,
1114 2037 1165 2080 me
1174 2013 1208 2080 in
1222 2015 1447 2098 respondendo,

345 2136 416 2179 cum
426 2137 524 2180 essem
534 2132 777 2198 argumentatus,
795 2133 944 2201 quantum
957 2140 1009 2183 res
1024 2118 1156 2194 larebat,
1172 2119 1233 2180 hoc
1243 2117 1343 2196 ipsum
1356 2115 1448 2177 ctiam

344 2213 479 2294 posuisse
493 2235 550 2296 pro
565 2229 761 2295 argumento,
783 2217 865 2298 quod
879 2217 944 2291 illc,
961 2237 1031 2280 cum
1046 2229 1163 2299 pestem
1182 2215 1294 2298 capitis
1306 2213 1364 2289 sui,
1380 2233 1449 2274 cum

345 2305 462 2371 indicia
481 2311 591 2372 mortis
604 2331 637 2372 se
657 2313 844 2395 comperisse
863 2313 1025 2390 maniiesto
1039 2327 1070 2376 ct
1084 2331 1179 2376 mauu
1194 2323 1304 2374 tenere
1319 2309 1447 2383 diceret,

346 2415 410 2466 tam
420 2404 517 2469 solute
531 2407 654 2487 egisset,
668 2423 733 2470 tam
743 2407 869 2485 leuiter,
883 2422 945 2471 tam
960 2411 1141 2473 oscitanter.

384 2541 417 2606 O.
438 2539 543 2610 Galim]
561 2541 682 2597 Calidius
702 2545 835 2597 accusarit
859 2547 894 2614 Q.
908 2543 1029 2598 Gallium
1044 2564 1069 2598 a.
1084 2547 1118 2598 tt.
1143 2544 1205 2605 888,
1228 2542 1380 2614 Supersunt
1399 2540 1446 2592 ira-

420 2637 526 2697 gmenta
542 2645 575 2680 ex
589 2627 725 2694 Ciceronis
744 2630 870 2686 Οηῑὶοιιο
881 2648 930 2701 pre
942 2633 977 2700 Q.
990 2627 1092 2691 Gellio,
1106 2646 1138 2683 ex
1156 2625 1255 2697 quibus
1268 2642 1355 2682 causae
1369 2635 1446 2676 natu-

420 2730 476 2764 ram
486 2731 644 2786 cognoscere
657 2734 810 2786 possumus.
824 2715 917 2770 Cicero
931 2727 988 2770 tum
1004 2713 1161 2769 consulatus
1173 2711 1330 2768 candidatus
1341 2710 1403 2764 iuis.

387 2840 609 2918 Fragmentum
626 2839 762 2922 ejusdcm
777 2841 927 2905 aranonis
951 2853 1054 2903 esstat
1070 2841 1151 2924 apud
1171 2838 1318 2915 Nonium,
1347 2855 1447 2918 quam·

346 2957 439 3021 quam
453 2935 499 3000 ihi
509 2939 606 3002 index
616 2941 768 3004 orationis
780 2937 859 3004 alius
872 2952 929 3013 est,
944 2953 976 3002 et
987 2939 1102 3020 legitur
1116 2939 1265 3000 Claudius
1275 2941 1306 2996 in
1318 2937 1357 3020 Q.
1373 2935 1446 2996 Gol-

345 3039 429 3115 lom,·
444 3040 530 3102 eade
544 3057 579 3100 rs
590 3039 655 3121 jam
674 3025 766 3122 su'pra
786 3045 818 3098 in
838 3039 964 3122 Claudio
990 3041 1203 3136 Quadrigarii>
1214 3037 1257 3120 'p.
1278 3036 1336 3099 tut
1354 3031 1446 3098 locuti

380 3153 462 3195 mus.
1172 3177 1174 3182 .

345 3156 380 3196 ⁵¹¹
390 3237 430 3295 ln
439 3233 509 3296 Cic.
524 3234 622 3315 Epist.
638 3235 678 3296 ad
692 3235 804 3296 Famil.
819 3239 933 3310 v111,9‚
950 3233 1066 3298 Coelius
1082 3233 1252 3299 Ciceronis
1268 3232 1404 3293 &liuius
1418 3234 1446 3288 in

347 3335 524 3414 deffensione
539 3335 667 3414 masuic
678 3336 912 3409 disertissimus,
927 3340 959 3394 in
973 3341 1169 3397 accusatione
1178 3333 1406 3415 saiisftigr'dus.

383 3484 575 3554 indefectivae]
597 3504 658 3538 cnm
675 3498 816 3539 accusatus
829 3498 885 3539 erat
898 3485 1031 3551 aGalliis,
1046 3485 1152 3539 duobus
1165 3484 1291 3538 fratribus
1301 3502 1324 3536 a.
1339 3485 1372 3535 U.
1387 3481 1444 3534 tot.

417 3571 474 3624 Cic.
492 3571 578 3643 Epist.
595 3569 626 3622 ad
641 3566 713 3622 Fam.
729 3569 804 3646 vili,
822 3571 848 3624 l.

346 3719 373 3773 in
386 3720 562 3790 comeatum]
581 3723 712 3794 cumipse
725 3734 863 3778 accusarat
874 3725 909 3791 Q.
923 3721 1044 3782 Gallium
1060 3740 1085 3774 a.
1098 3723 1131 3780 ti,
1148 3721 1210 3780 tii.

248 3875 315 3950 201
387 3879 437 3938 De
451 3877 543 3939 ἅοηιο
559 3877 718 3940 Ciceronis
732 3878 813 3940 dixit
823 3877 963 3942 Calidius
977 3859 1212 3940 exercitationis
1231 3875 1346 3956 gratia,
1363 3873 1397 3932 ut
1413 3868 1446 3930 in

343 3975 477 4063 Quintil..
491 3981 533 4055 X,
549 3979 579 4054 1,
594 3979 646 4056 23,
660 3979 803 4060 legimus.
818 3975 822 3985 '
1164 3972 1170 3984 '

380 4117 414 4166 dc
425 4116 502 4170 domo
513 4114 649 4184 Ciceronis]
659 4115 712 4167 vii.
723 4113 874 4168 Markland.
883 4115 916 4168 ad
925 4092 1012 4178 Cicer·¹
1022 4073 1108 4169 (irata
1119 4130 1155 4178 tv,
1165 4109 1265 4186 praeiat.
1277 4129 1305 4181 p,
1316 4123 1396 4160 turni
1404 4102 1447 4158 ed.

416 4195 502 4248 Wolf.
513 4209 540 4248 ct
548 4199 673 4250 Garatou.
686 4198 719 4250 ad
728 4200 802 4251 Orat.
814 4196 846 4248 dc
857 4196 966 4280 harusp.
978 4217 1051 4268 resp.
1063 4217 1086 4250 c.
1101 4200 1127 4250 6.
