3212 5326
868 414 934 484 too

346 563 498 634 perpetua
514 550 756 616 versificatorum
773 561 806 616 et
826 551 1068 614 declamatorum
1084 551 1233 621 materia,
1255 545 1365 611 contra
1382 550 1448 612 brac

348 651 430 715 mala
449 650 605 722 valebant,
625 648 825 732 quippenam
840 669 877 711 eo
892 651 959 733 ipso
985 649 1187 712 coherentes.
1211 649 1291 708 Nam
1311 647 1358 708 his
1372 647 1446 729 ipsis

347 749 582 814 recitationibus
596 747 629 810 iu
644 767 732 814 usum
743 748 849 822 venit,
869 761 918 823 nt,
940 748 993 829 qui
1011 747 1084 809 nori
1097 745 1199 808 rideri
1213 743 1349 817 vellent,
1369 764 1409 806 ne
1427 765 1446 806 a

347 847 476 911 morosis
485 845 642 928 judicibus
655 847 920 929 improbarentur,
936 845 1104 924 verborum
1118 843 1276 916 acumina,
1285 843 1401 905 fractas
1414 858 1447 905 et

347 943 486 1008 concisas
498 944 679 1021 sententias,
696 963 845 1008 enervem
862 944 1116 1027 compositionum
1133 951 1308 1025 captarent,
1322 941 1446 1003 imoru-

346 1039 456 1106 cabnla
465 1039 532 1122 jam
542 1037 663 1122 pridem
674 1041 836 1122 nunquam
848 1042 898 1104 vel
907 1041 981 1118 nolin
990 1041 1090 1124 poetis
1101 1058 1251 1102 concessa
1260 1057 1384 1100 rursum
1397 1037 1444 1100 in·

345 1139 506 1205 ducerent.
518 1143 611 1204 llnnc
622 1138 764 1204 morbum
775 1141 870 1207 etiam
881 1140 1086 1204 maximorum
1096 1137 1252 1212 nonnulli,
1266 1149 1300 1200 ut
1308 1139 1442 1214 Tacitus,

344 1256 407 1300 uon
421 1237 613 1304 devitarunt.
636 1241 737 1300 Erant
750 1250 855 1301 tamen
870 1240 923 1302 alii
939 1239 1077 1320 quidam,
1095 1253 1159 1316 nup
1174 1235 1280 1310 malti,
1298 1235 1350 1317 qui
1364 1238 1443 1298 anti-

344 1353 475 1415 quorum
488 1335 623 1401 lectione
635 1335 784 1400 innutriti
797 1355 858 1400 snm
870 1337 971 1400 astatis
980 1335 1057 1407 vitia
1067 1331 1295 1412 intelligerent,
1306 1346 1339 1396 et
1350 1353 1444 1415 quan-

343 1446 410 1494 tam
418 1453 477 1516 per
486 1452 540 1498 eos
549 1433 663 1509 stabat,
675 1431 861 1500 devitarent.
874 1437 943 1498 Non
954 1455 1029 1518 opu
1036 1434 1127 1496 estC.
1135 1431 1270 1494 Plinium
1281 1431 1443 1505 minorem,

345 1547 377 1598 ct
386 1534 440 1616 qui
449 1534 483 1601 in
492 1533 612 1615 majore
619 1534 819 1618 simplicitate
829 1537 942 1601 tersior
949 1549 1008 1610 est,
1017 1539 1059 1598 Μ.
1071 1533 1198 1597 Fabium
1205 1529 1442 1617 Quintilianum,

344 1632 452 1699 multis
465 1635 603 1700 laudare.
619 1636 719 1700 Recte
732 1639 766 1700 hi
779 1651 812 1701 et
825 1637 1067 1701 horumsimiloa
1081 1632 1155 1704 nolis
1170 1633 1331 1696 veteribus
1347 1643 1445 1696 orato-

344 1756 416 1802 rum
430 1755 543 1798 nomen
557 1737 738 1808 tribuebant
757 1738 860 1824 (Dial.
882 1742 920 1803 de
940 1752 1034 1804 oratt.
1049 1759 1079 1802 n.
1095 1739 1124 1812 1,
1140 1738 1213 1799 coll.
1229 1736 1279 1812 lt,
1294 1736 1366 1820 15),
1385 1755 1445 1798 sne

346 1834 446 1898 aetatis
458 1834 634 1911 hominibus
646 1839 721 1901 satis
734 1840 862 1902 honoris
876 1859 953 1914 esse,
970 1835 1118 1900 sidisnrti
1138 1849 1169 1900 et
1189 1834 1338 1908 causidici
1356 1853 1444 1897 vona·

344 1947 468 2010 rentur,
484 1937 708 2000 exianmantes.
721 1939 765 2002 'Et
777 1937 950 2002 causidicos
963 1951 1050 2005 recte
1064 1937 1192 2009 dixeris,
1210 1936 1320 2018 quibus
1334 1947 1446 2018 preter

274 2039 277 2046 '
345 2050 451 2094 causas
465 2033 705 2098 centumvirales
721 2047 754 2097 et
772 2036 1002 2099 accusationem
1017 2035 1265 2097 defensionemve
1284 2031 1319 2094 in
1338 2045 1445 2102 senatn

345 2128 425 2194 nihil
439 2133 593 2214 reliquum
609 2145 689 2196 erat.
706 2135 798 2199 Conl.
817 2136 900 2197 Dial.
915 2156 943 2197 c.
958 2135 1011 2210 38,
1021 2135 1109 2196 .Plin.
1123 2137 1203 2216 Epp.
1220 2135 1246 2209 l,
1258 2134 1295 2205 ὃς
1312 2131 1370 2206 lX,
1387 2132 1444 2206 tt,

343 2231 385 2304 ll,
413 2230 486 2292 lt*
513 2233 574 2294 Sed
592 2235 684 2314 longe
700 2233 835 2315 plurima
854 2234 1039 2296 disertorum
1053 2247 1086 2297 et
1099 2235 1343 2296 declamaturum
1357 2251 1443 2314 pars,

345 2350 417 2392 suas
430 2331 536 2394 laudes
550 2333 631 2394 mira
645 2333 826 2412 arrogantia
837 2335 1020 2414 praedicans,
1032 2346 1152 2396 tantum
1166 2333 1253 2408 aluit,
1266 2345 1301 2396 ut
1310 2351 1377 2394 sese
1386 2328 1447 2393 illis

347 2428 485 2508 antiquis
499 2431 610 2490 cedere
624 2429 809 2506 faterentur,
827 2444 862 2501 nt
880 2449 947 2492 sese
959 2433 1039 2493 solos
1053 2444 1160 2494 aciatos
1174 2451 1253 2502 esne,
1266 2427 1349 2492 solos
1368 2429 1446 2492 bone

346 2527 507 2603 invenire,
531 2528 701 2605 collocare,
724 2549 819 2609 agere
839 2532 1096 2612 pronuntiarenta
1120 2543 1241 2593 veteres
1261 2527 1446 2594 inveniendo

347 2621 482 2706 ineptos,
500 2623 611 2704 longos
629 2639 661 2689 et
679 2625 790 2688 otiosos
804 2627 1040 2703 inenarranda,
1060 2627 1165 2690 verbis
1183 2625 1337 2701 horridos,
1360 2638 1446 2704 gestu

347 2725 501 2806 antiquos,
512 2725 666 2796 obsoletos
675 2738 708 2788 et
718 2745 806 2809 paone
814 2727 963 2790 barbaros
974 2725 1216 2809 dicerentlbial.
1230 2747 1260 2788 o.
1270 2727 1325 2803 19,
1337 2726 1442 2798 21-23,

345 2823 467 2884 Seneca
484 2820 568 2904 Epit.
582 2822 734 2886 Contror.
751 2822 809 2885 lib.
830 2825 887 2900 lll,
906 2845 939 2907 p.
953 2825 1041 2910 399.)
1064 2828 1106 2887 At
1115 2821 1326 2906 Quintilianus
1337 2825 1396 2899 lx,
1413 2824 1443 2898 1,

350 2919 427 2998 1423
445 2922 501 2992 Xl,
518 2922 546 2996 1,
560 2923 613 2996 tt;
628 2921 709 2996 3,13
722 2934 754 2982 et
767 2923 819 2996 tt,
832 2921 917 2983 Dial.
931 2943 959 2985 o.
974 2921 1027 2995 26,
1040 2919 1251 3003 turpissimum
1262 2939 1300 2982 eo
1310 2933 1447 3001 tempore

345 3034 465 3100 gestum
480 3033 513 3082 et
524 3023 732 3091 scenicorum,
746 3023 853 3101 quales
863 3033 938 3085 tunc
952 3035 1056 3100 erant,
1070 3023 1206 3084 lascivia
1218 3021 1349 3084 similem
1358 3019 1446 3082 tuisse

346 3129 514 3180 testantur.
530 3117 590 3179 Sed
603 3119 694 3197 nigor
703 3116 806 3180 virilis
818 3130 851 3178 et
863 3119 943 3180 recti
955 3139 1061 3182 sanstae
1074 3121 1276 3202 plurimorum
1288 3118 1444 3180 homiuum

347 3214 502 3279 mentibus
516 3215 593 3276 adeo
609 3215 785 3292 effluxerat,
806 3228 841 3278 nt
859 3237 950 3298 quem
971 3217 1153 3299 eloquentie
1166 3217 1313 3300 princeps
1327 3216 1401 3276 olim
1413 3216 1445 3275 in

349 3310 445 3376 senna
460 3329 604 3389 regnare,
621 3323 653 3374 et
668 3309 792 3377 disertis
810 3314 953 3378 omnibns
971 3317 1113 3397 exemplo
1134 3333 1200 3376 esse
1221 3315 1442 3396 pronuntiavit,

348 3411 510 3487 Roscium,
535 3431 605 3474 cum
627 3412 771 3490 Ambivio
793 3416 951 3499 Turpione
972 3427 1191 3497 compararent
1213 3411 1315 3495 (Dial.
1333 3435 1363 3476 c.
1380 3414 1442 3497 20).

347 3509 432 3591 Quin
447 3511 487 3572 ad
499 3505 743 3590 antiquissimos,
760 3532 836 3593 qnos
851 3525 1013 3594 tantopere
1026 3512 1252 3594 despiciebant,
1271 3511 1443 3592 nescioquo

347 3621 438 3690 pecto
453 3608 569 3690 delapsi
579 3620 662 3683 sunt,
675 3622 709 3670 ut
719 3609 768 3671 his
782 3606 897 3675 similae
910 3610 965 3672 uni
979 3605 1069 3690 operi
1082 3608 1304 3674 declamatorio
1318 3607 1441 3680 intenti,

383 3968 394 3992 *
415 3965 453 4014 De
467 3963 517 4017 hoc
533 3962 628 4036 judicii
643 3979 670 4019 et
687 3985 826 4020 causarum
846 3985 941 4038 genere
956 3987 982 4020 r.
997 3979 1091 4040 praeter
1105 3967 1201 4020 Polieti
1215 3967 1286 4021 Hirr.
1302 3967 1353 4020 sori
1368 3967 1444 4018 Rom.

347 4051 395 4114 lll,
410 4053 451 4112 13,
469 4052 510 4115 14,
524 4053 648 4106 insertam
662 4053 798 4107 Poleniani
811 4053 936 4108 Thesauri
946 4054 999 4107 vol.
1015 4055 1036 4118 l,
1053 4054 1192 4126 Sigonium
1201 4057 1239 4108 De
1250 4051 1361 4126 judiciis
1370 4053 1404 4117 ll,
1417 4052 1442 4103 in

346 4136 523 4190 TheaGraev,
535 4139 588 4192 vol.
602 4141 636 4205 ll,
652 4159 679 4212 p.
698 4143 774 4205 llll,
782 4153 816 4222 ff
829 4141 950 4193 Siccamae
969 4139 1054 4194 libell.
1072 4141 1111 4194 Dc
1127 4142 1267 4194 Centumr.
1277 4139 1391 4212 judicio,
1406 4136 1442 4192 ib.

346 4239 373 4291 p.
393 4223 458 4275 1831
473 4239 529 4292 sqq.
