3212 5326
885 455 928 526 84

361 594 529 658 iterantem
538 591 683 656 laudium
690 589 797 670 jamin
808 609 846 652 eo
855 607 1015 669 agnoscas,
1025 588 1107 668 quod
1115 596 1263 668 perpetuo
1272 589 1456 665 mgncmiue

360 701 459 754 caret.
472 692 571 774 Quem
579 707 697 752 rnorem
705 687 762 752 snb
771 685 946 752 Cesaribus
955 683 989 749 iu
1000 685 1109 774 primis
1122 679 1292 748 obtinuisse
1301 681 1453 763 videmus,

360 789 414 861 ita,
430 799 463 848 nt
476 807 541 848 non
554 800 660 868 patres
672 787 763 848 modu
776 803 795 846 a
808 781 892 861 filiis,
908 784 962 846 sed
976 781 1070 846 ctiam
1082 781 1195 845 iratres
1207 800 1227 848 a
1239 781 1390 846 fratribus
1403 804 1456 866 pc

361 884 470 953 culiari
484 883 670 960 cognomine
685 883 958 960 distinguerentur.
985 879 1033 941 De
1045 889 1148 960 patre,
1168 879 1221 958 qui
1234 877 1273 940 ud
1286 893 1454 959 proeturatn

360 1003 455 1064 usque
465 983 634 1046 honoribus
645 983 807 1066 processit,
818 980 955 1043 Historia
969 978 1145 1062 conscripta
1154 978 1366 1057 ncnigrsobili,
1380 982 1454 1046 ride

360 1085 449 1144 Voss.
465 1083 512 1145 De
524 1079 597 1143 hist.
612 1085 681 1143 Lat.
693 1083 718 1151 l,
735 1102 769 1164 p.
779 1080 832 1154 tt,
849 1091 881 1140 ct
895 1081 935 1140 de
947 1089 1059 1148 morte,
1075 1095 1165 1157 quam
1179 1079 1420 1157 repetundarum
1435 1101 1453 1142 ιι

360 1181 512 1242 Cicerone
527 1191 658 1262 praetore
673 1181 833 1242 damnatus
847 1175 947 1240 obisse
960 1177 1070 1252 fertur,
1095 1173 1320 1258 discrepantem
1334 1179 1456 1241 Plutar-

360 1282 452 1342 chum
461 1278 494 1342 in
502 1280 571 1344 Cic.
584 1286 640 1347 cil
652 1283 757 1344 ctVal.
769 1282 851 1342 Max.
861 1279 917 1356 IX,
929 1279 981 1352 12,
989 1280 1018 1352 l,
1032 1289 1208 1364 τραγικώτερον
1220 1293 1456 1342 narrantem*

359 1383 408 1444 De
421 1381 517 1444 Calvo
536 1397 662 1444 oratore
679 1401 779 1464 pauca
798 1383 904 1443 dixere
918 1379 1057 1444 Crinitus
1074 1389 1107 1442 et
1124 1379 1280 1460 Gyraldus
1300 1380 1338 1441 dc
1358 1382 1457 1462 poetis

358 1481 464 1543 latinis
481 1481 664 1556 scribentes,
683 1481 780 1544 verbo
800 1501 869 1548 eum
889 1481 991 1559 tetigit
1000 1481 1089 1542 Voss.
1105 1478 1153 1538 Dc
1167 1491 1250 1560 poet.
1266 1481 1336 1540 Lot.
1352 1499 1384 1560 p.
1402 1481 1453 1554 19,

360 1589 393 1639 et
406 1577 556 1658 peculiari
564 1577 682 1660 scripto
697 1578 863 1656 Burignius
875 1576 1040 1659 (Leresquc
1053 1575 1091 1634 de
1102 1574 1252 1660 Burr‘gny)
1268 1577 1302 1642 in
1318 1573 1454 1640 Historia

360 1679 458 1740 Acad.
472 1697 538 1757 reg.
554 1681 667 1741 Frauc.
680 1676 838 1760 inscriptt.
850 1689 882 1740 et
892 1675 941 1738 lit.
953 1677 1050 1754 elegg.
1063 1674 1125 1737 vol.
1136 1673 1253 1750 XXXI,
1270 1693 1302 1755 p.
1316 1674 1376 1737 122
1386 1696 1452 1757 sqq.

361 1778 423 1842 Sed
442 1777 508 1840 hacc
527 1779 701 1855 materiem,
725 1780 862 1860 quamvis
881 1795 945 1838 non
967 1775 1122 1838 uberrime
1141 1771 1240 1836 fluant
1257 1775 1369 1851 lentes,
1392 1795 1453 1838 non

360 1872 558 1936 exhauriunt.
570 1875 682 1940 Calvus
691 1887 796 1938 noster
806 1878 935 1936 honesta
945 1871 1107 1954 disciplina
1116 1872 1262 1934 educmus
1270 1883 1302 1933 ct
1309 1870 1394 1934 omni
1403 1873 1455 1935 bs·

360 1995 471 2036 narum
482 1975 594 2039 artium
609 1994 722 2056 genere
737 1973 872 2037 imbutus
884 1975 1025 2050 videtum
1036 1991 1107 2059 natu
1117 1971 1229 2032 multos
1239 1983 1270 2033 et
1279 1970 1455 2058 reconditas

361 2071 395 2134 in
406 2093 443 2136 eo
456 2075 563 2138 literas
576 2075 716 2154 agnoscit
728 2075 839 2138 Cicero
851 2077 938 2136 Brut.
953 2093 982 2134 c.
997 2072 1050 2145 82,
1066 2069 1180 2151 alioqui
1195 2091 1256 2131 non
1270 2058 1475 2152 aequissimus

368 2173 457 2236 Calvi
465 2172 570 2254 judex.
587 2173 693 2256 Neque
704 2173 840 2236 moribtts
852 2173 891 2234 ab
902 2189 951 2245 eo,
960 2170 1188 2254 quodinstituit,
1196 2169 1388 2248 ritaegencre
1402 2171 1457 2232 dis·

364 2273 565 2353 crepantibus
574 2270 643 2332 suit.
660 2271 754 2350 Frugi
762 2271 917 2332 hominem
926 2270 1028 2340 luisse,
1042 2282 1106 2329 turn
1118 2269 1199 2348 quod
1208 2287 1299 2334 nemu
1307 2267 1380 2330 riter
1389 2289 1456 2334 satt-

362 2373 500 2434 ctitatem
514 2373 548 2433 in
563 2373 688 2437 dublum
703 2391 818 2434 vocare
832 2391 922 2433 ausus
935 2382 992 2446 est,
1003 2371 1142 2450 quamvis
1151 2369 1312 2434 liberrime
1320 2371 1458 2432 sentiens

362 2469 642 2552 potentissimorum
653 2475 746 2534 etiam
756 2473 836 2533 iram
847 2473 1033 2546 incurreret,
1043 2483 1109 2531 tum
1117 2467 1245 2534 Valerio
1250 2470 1384 2532 Maximo
1393 2471 1414 2532 l.
1425 2493 1452 2534 c.

361 2582 392 2628 et
413 2569 515 2632 Plinio
535 2569 866 2646 tt.1t.xxxssl,1t,
886 2569 1072 2632 testantibus
1090 2568 1284 2648 intelligitur.
1308 2569 1456 2650 Questurn

362 2665 445 2728 enim
459 2666 577 2728 Plinius
591 2664 647 2739 ait,
664 2669 744 2748 quod
756 2685 812 2728 sua
824 2678 914 2728 aetate
927 2685 1002 2728 rasa
1017 2666 1198 2746 coquinaria
1212 2686 1249 2727 cx
1263 2679 1393 2744 argento
1406 2664 1457 2728 lie·

362 2775 444 2824 rent.
460 2765 538 2825 Nam
550 2767 631 2846 qnod
647 2761 826 2828 lasciviores
841 2763 932 2846 paulo
944 2781 1051 2824 versus
1065 2761 1147 2835 iecit,
1160 2763 1220 2824 boc
1233 2781 1304 2826 cum
1318 2761 1457 2842 gravissi·

362 2858 517 2939 nevies,
528 2865 568 2946 Q.
579 2862 726 2939 scevola,
740 2865 782 2948 Q.
792 2863 913 2937 mento,
924 2861 993 2926 ser.
1003 2857 1153 2942 Sulpicio,
1165 2861 1329 2934 cicerone,
1341 2859 1455 2933 minu,

362 2959 431 3022 aliis
444 2982 606 3026 commuue
620 2965 731 3038 habet3
747 2973 848 3046 neque
862 2959 1022 3046 Quintiliae
1041 2979 1161 3024 amores
1180 2960 1383 3043 culpabimus,
1405 2957 1456 3042 qni

362 3063 504 3138 sciamus,
520 3083 560 3124 nc
579 3083 598 3124 a
614 3062 802 3126 meretriciis
817 3064 940 3143 quidem
956 3059 1114 3122 amoribus
1127 3073 1202 3123 tunc
1217 3059 1459 3122 adolescentibus
1534 3129 1536 3140 1

362 3161 561 3222 interdictum
584 3161 686 3222 inisse.
710 3161 791 3224 Cum
813 3161 935 3221 Catullo
955 3159 989 3220 in
1010 3157 1121 3239 primis
1143 3159 1327 3241 conjunctus
1348 3159 1458 3222 Calvns

363 3257 454 3331 vixit,
467 3269 501 3316 ut
513 3256 775 3338 Epigrammatunr
788 3255 871 3319 illius
882 3259 922 3318 LI
938 3268 970 3318 ct
979 3256 1061 3320 XCV
1069 3269 1233 3318 testantur.
1252 3253 1456 3318 Liberrimnm

362 3351 544 3438 vitaelgenus
557 3354 722 3436 amplexus,
739 3356 821 3416 ultra
835 3366 1029 3434 questuram,
1045 3373 1137 3434 qnam
1151 3351 1277 3433 Pighius
1292 3355 1326 3415 in
1344 3372 1456 3421 annum

365 3447 424 3512 697
435 3446 535 3532 ponit,
547 3469 608 3510 nun
624 3469 801 3530 progressus
815 3463 873 3526 est,
885 3452 938 3511 sed
953 3469 1021 3510 cum
1036 3450 1176 3510 omnibus
1185 3450 1381 3512 familiariter
1394 3469 1458 3514 rer·

363 3561 456 3625 satus,
483 3550 534 3630 qui
559 3569 596 3610 eo
620 3560 761 3631 ternpore
785 3550 885 3629 gratia
910 3561 941 3610 et
964 3545 1115 3626 dignitate
1138 3550 1335 3630 prestabant,
1362 3549 1457 3610 causis

363 3647 511 3724 dicendis,
528 3647 676 3730 malisque
688 3647 806 3732 judicio
820 3648 1008 3712 insectandis
1023 3649 1128 3732 populi
1147 3650 1286 3713 favorem
1306 3643 1455 3710 assecutus

363 3749 449 3807 credi
462 3761 572 3828 potest.
596 3750 661 3811 Nec
676 3745 881 3830 potentissimi
896 3747 1042 3830 cujusque
1057 3761 1151 3822 metu,
1167 3761 1202 3808 ut
1216 3747 1397 3810 salsissimas
1410 3767 1455 3814 rc·

363 3843 579 3925 prehensioncs
592 3858 720 3921 taceret,
732 3843 918 3907 commoveri
927 3845 1038 3926 potnit,
1050 3865 1113 3908 non
1124 3845 1226 3906 minus
1235 3843 1335 3907 libere
1345 3847 1453 3920 audax,

363 3939 441 4003 licet
454 3943 514 4005 alio
525 3945 627 4016 modo,
642 3963 734 4025 quam
749 3945 791 4004 Μ.
803 3942 897 4030 Cato3
914 3957 948 4004 ut
961 3956 992 4007 et
1002 3943 1061 4007 Gn.
1074 3941 1253 4025 Pompeium
1267 3955 1299 4006 st
1309 3943 1346 4008 C.
1360 3944 1456 4008 Cossa·

364 4061 432 4102 rem
444 4043 680 4108 mordacissimis
690 4045 829 4107 versibus
840 4045 1066 4126 proscinderet,
1080 4055 1111 4107 et
1122 4045 1224 4127 palam
1239 4043 1455 4118 insectaretur,

366 4159 440 4219 quos
449 4139 511 4202 illis
524 4147 667 4224 acceptos
678 4143 781 4205 sciret.
799 4141 911 4206 Caesari
919 4143 1066 4207 tamenin
1078 4142 1230 4208 dictatura
1240 4143 1459 4205 reconciliatus

365 4250 423 4314 est,
439 4234 504 4318 ipso
519 4235 669 4302 dicttrcrc
682 4239 782 4322 primo
797 4237 962 4312 invitante,
979 4251 1012 4301 ut
1024 4239 1187 4310 Suetonius
1207 4236 1316 4301 scribit
1336 4239 1370 4302 in
1384 4240 1455 4303 Vita
