3288 5344
186 731 362 812 subigendis
381 733 524 804 adsueta,
546 745 578 794 et
591 731 745 800 ttmemn
773 753 900 816 expers,
921 735 1022 798 tmere
1036 731 1199 799 literarum
1215 693 1285 803 llori

185 830 351 912 proludere
371 829 486 911 potnit,
514 848 613 909 neque
629 830 803 912 Apollinem
819 831 967 894 carminis
989 831 1164 913 presulem,
1187 852 1286 914 unque

186 928 354 991 Homerum
363 928 491 990 deorum
503 925 706 1008 interpretem
723 941 836 1004 uacus,
852 929 906 1010 qui
922 928 1129 998 Camenarum
1141 947 1230 994 sacra
1242 930 1286 994 la·

46 1047 48 1050 ·
72 1095 76 1102 ,
184 1029 299 1095 cienda
315 1030 454 1094 doceret.
472 1033 586 1095 Verum
601 1032 713 1097 horum
726 1029 888 1095 initiorum
901 1029 935 1092 in
950 1029 1124 1094 Annalibus
1135 1030 1289 1097 exstitisse

185 1131 384 1201 linamenta,
400 1131 459 1192 etsi
477 1144 551 1194 note
568 1130 650 1196 Livii
672 1131 705 1197 in
719 1128 855 1195 lontibus
873 1129 1010 1196 historie
1026 1130 1223 1195 consulendis
1240 1130 1288 1190 iu·

185 1228 274 1293 cuna
286 1228 442 1295 incertum
458 1229 604 1326 reliquit,
625 1249 685 1294 uec
699 1229 760 1294 nisi
772 1249 941 1313 paucorum
954 1229 1121 1308 insigniter
1137 1228 1289 1292 dictorum

184 1326 398 1410 teemmnque
412 1330 447 1394 in
464 1330 646 1411 fragmentis
658 1343 761 1394 exstet
773 1332 936 1405 memoria,
945 1347 1055 1413 perum
1065 1331 1189 1395 ridetur
1201 1348 1290 1410 argu·

185 1429 300 1493 mentis
318 1447 408 1510 posse
421 1427 553 1494 stnuari.
574 1431 653 1492 Nam
673 1429 709 1494 in
727 1429 959 1512 pemerihend'u
977 1447 1041 1494 non
1055 1441 1119 1492 tom
1138 1427 1290 1492 bellorum

186 1525 469 1600 vicissitudiuffius.
490 1547 583 1608 quam
597 1527 761 1612 triumphis
783 1529 834 1592 vel
856 1527 1022 1592 loederibna
1040 1525 1193 1588 bellorum
1211 1543 1288 1607 prm·

184 1644 358 1704 grmsorum
373 1627 540 1704 indicibus,
553 1627 586 1690 in
603 1630 741 1692 masurio
756 1629 993 1710 magistratuum
1009 1627 1132 1699 ordine,
1149 1625 1184 1688 in
1197 1625 1290 1706 pesti·

185 1724 289 1790 lentiia
307 1725 359 1788 rel
373 1745 504 1790 annone
524 1726 661 1790 caritate
674 1727 960 1802 commemoranda,
977 1738 1032 1788 eat
1048 1723 1119 1786 vilis
1130 1721 1233 1801 legum
1247 1721 1291 1784 ln·

185 1832 286 1887 tntum
295 1821 417 1886 nesab
429 1822 511 1898 risa,
524 1836 578 1886 aut
588 1845 646 1908 per
659 1823 809 1886 inridistn
823 1824 980 1886 hominum
996 1819 1190 1905 popularium
1203 1838 1291 1900 pror·

185 1939 237 1986 etta
253 1921 367 1984 ommes
381 1933 448 1993 est,
464 1939 525 1982 nec
542 1921 604 1984 nisi
617 1921 792 1984 rationibus
805 1919 1025 1986 subductisrel
1039 1917 1243 2000 conjectando
1256 1917 1290 1978 in

185 2037 275 2080 suum
289 2018 528 2098 qmquelooun
539 2018 640 2080 relata
651 2018 719 2078 luit.
740 2013 833 2102 [Vide
847 2019 893 2082 G.
908 2019 941 2080 J.
958 2020 1047 2080 Voss.
1063 2017 1112 2078 De
1127 2014 1201 2076 hist.
1217 2014 1287 2076 lut.

186 2115 216 2186 l,
232 2113 271 2190 ²3
287 2113 441 2176 Niebuhr.
462 2113 578 2176 Histor.
599 2116 689 2178 Rom.
706 2117 770 2177 rol.
797 2117 824 2190 1,
841 2134 874 2196 p.
891 2113 953 2177 tet
968 2133 1035 2194 sqq.
1064 2113 1114 2174 etl.
1134 2130 1200 2174 aec.
1218 2131 1226 2182 3
1248 2113 1308 2172 A.·

186 2211 354 2276 Krattainm
369 2211 491 2274 Vitmet
510 2211 652 2292 fruguum.
669 2224 748 2276 vett.
771 2212 844 2280 hist.
858 2215 949 2274 Rom.
966 2231 997 2294 p.
1014 2209 1052 2272 21
1069 2206 1154 2296 sqq.]
1173 2208 1289 2270 Temen

187 2332 259 2376 curn
291 2312 380 2375 varin
403 2313 605 2376 historiarum
625 2315 788 2398 scriptoris
816 2316 940 2394 negotia
970 2311 1145 2394 neglexerit
1163 2310 1289 2381 Livius,

185 2433 309 2495 prorsus
326 2427 430 2476 autem
450 2415 617 2499 sepissime
633 2417 757 2500 ineptus
776 2416 817 2478 sit
836 2415 1020 2499 Dionysius,
1043 2413 1198 2497 perditam
1218 2429 1289 2474 curn

185 2513 357 2576 Annalibus
379 2529 412 2578 et
430 2517 610 2597 preclaram
627 2518 740 2582 veteris
760 2519 865 2580 Romae
878 2516 1055 2578 accuratius
1069 2512 1291 2592 cognoscendae

185 2610 267 2672 riam
284 2631 350 2676 esse
362 2610 543 2674 dolebimus.

229 2711 271 2774 3..
283 2712 430 2776 Ceterum
443 2725 535 2774 etate
548 2714 730 2794 eloquentiae
743 2715 890 2776 Romane
902 2711 1016 2793 prima,
1029 2729 1121 2792 quam
1131 2729 1226 2790 nsqm
1246 2709 1287 2770 nd

186 2807 260 2872 belli
273 2810 384 2872 Ptmici
395 2811 524 2872 secundi
538 2807 633 2872 finem
648 2811 863 2891 producimus,
880 2808 1005 2870 nonnisi
1018 2827 1113 2869 uuum
1133 2809 1172 2868 de
1188 2806 1288 2868 tribus

184 2906 308 2970 dicendi
328 2907 496 2986 generibus
511 2907 703 2968 celebratum
716 2915 764 2964 est
773 2903 1004 2963 deliberativum
1017 2922 1044 2963 s.
1063 2903 1288 2978 capessiturum.
1363 2961 1366 2968 ,

185 3001 335 3068 Judeioli
353 3020 469 3079 genere
482 3020 547 3063 non
566 3011 639 3062 ante
657 3000 808 3064 Catonem
827 2998 875 3060 usi
898 2999 1062 3074 ridentum
1086 2997 1230 3078 qnoniam
1253 2996 1288 3057 in

187 3096 288 3160 causis
312 3095 443 3177 prirat'u
470 3097 729 3178 formularumque
745 3096 818 3177 jure
836 3115 907 3160 ustus
931 3093 1114 3176 eloquentie
1134 3111 1200 3154 non
1219 3104 1289 3154 erat

144 3233 147 3240 ·
186 3199 268 3278 apud
281 3209 429 3278 pretores
442 3199 698 3278 Areopagitarum
718 3199 805 3279 quasi
819 3197 983 3260 severitate
1002 3196 1167 3279 praeditoo3
1189 3213 1290 3256 caum

185 3310 289 3360 autem
308 3297 441 3379 publicae
457 3297 491 3360 in
512 3297 604 3360 rebus
618 3312 651 3362 et
669 3297 853 3384 testimoniis
868 3310 940 3360 totae
958 3308 1116 3360 versantes
1135 3294 1290 3374 suffragiis

183 3395 289 3477 populi
300 3396 335 3457 in
346 3395 479 3460 comitiis
490 3396 673 3481 congregati
689 3395 946 3476 subjiciebantur.
963 3398 1002 3458 ln
1016 3414 1075 3476 quo
1093 3393 1204 3476 populo
1216 3411 1287 3454 eso·

186 3493 288 3556 raudo
302 3493 418 3573 partina
432 3512 541 3575 purum
560 3492 627 3575 spei
647 3493 745 3555 noxiis
759 3503 845 3566 eret,
867 3511 938 3553 cun
957 3509 1021 3554 nou
1041 3500 1144 3552 essent
1165 3487 1289 3552 dicendi

185 3587 356 3652 artificiosa
367 3587 540 3663 lenocinia,
558 3590 673 3671 partim
686 3589 747 3652 illis
759 3589 937 3652 hominibus
947 3586 1038 3669 previ
1049 3585 1213 3649 ridebatur
1226 3603 1289 3646 mo·

185 3689 230 3755 ria
243 3711 328 3767 esse,
345 3691 591 3754 misericordiam
604 3691 664 3752 sibi
673 3691 819 3774 precibus
832 3705 864 3752 et
873 3689 947 3752 fletu
960 3687 1150 3768 extorqueri.
1166 3687 1236 3768 Qua
1249 3686 1288 3746 de

185 3810 281 3854 causa
294 3794 360 3854 dum
374 3811 474 3856 canere
488 3792 621 3875 publicus
629 3793 781 3864 illustres,
793 3795 836 3854 Μ.
848 3791 997 3856 Postumii
1012 3788 1179 3872 Pyrgensis
1191 3787 1289 3870 publi·

185 3890 258 3951 enni
269 3910 320 3972 ap.
334 3891 404 3954 Liv.
419 3893 518 3965 XXV,
535 3892 568 3964 3,
579 3891 680 3953 etCn.
691 3891 792 3952 Fulvii
806 3891 912 3953 Flacci
925 3890 1005 3972 apud
1020 3888 1159 3960 eumdem
1169 3887 1286 3959 XXVI,

186 3988 228 4063 2,
254 4009 321 4073 qnae
338 3989 455 4072 judicia
479 4003 575 4053 totam
598 3991 748 4066 arrexisse
772 3991 930 4053 civitatem
949 3990 1116 4063 videntur,
1142 4007 1205 4051 non
1226 3987 1288 4048 elo·
1377 3980 1380 3984 ’

185 4091 300 4172 quendi
318 4103 385 4154 arte
408 4093 624 4174 qualicumque
645 4105 795 4175 peractae,
818 4093 873 4154 sed
886 4092 920 4152 in
942 4092 1041 4152 altera
1055 4088 1213 4172 publicani
1229 4107 1288 4168 pro

184 4194 268 4256 socio
282 4193 346 4258 rim
364 4193 523 4260 intentare
541 4208 720 4275 coeperant,
744 4213 853 4258 severo
866 4193 947 4256 scto
961 4206 995 4254 et
1007 4191 1152 4272 graviore
1165 4189 1287 4250 actione

185 4293 359 4356 sublatens:
382 4297 415 4357 in
431 4297 529 4358 altera
544 4295 711 4358 auctoritas
737 4307 770 4357 et
786 4313 896 4376 preces
908 4296 949 4376 Q.
964 4290 1064 4356 Fulvii
1088 4290 1196 4353 fratris
1212 4289 1287 4352 vali·

185 4403 262 4480 turae
276 4391 478 4468 videbantur,
499 4391 558 4454 nisi
579 4393 660 4455 idern
681 4403 823 4463 moetus,
846 4413 863 4451 e
882 4390 1040 4472 republica
1056 4407 1118 4452 non
1132 4407 1199 4458 esse
1212 4406 1287 4450 cen-
