3200 5344
376 595 455 672 {iliud
471 592 682 656 centumviros
696 593 771 677 (Cic.
787 595 834 658 De
846 615 927 657 orat.
940 597 982 669 ll,
999 594 1053 671 tt,
1073 597 1124 672 98)
1136 607 1167 658 et
1181 617 1245 676 pro
1254 595 1359 657 servu
1372 597 1460 659 Nerio

373 700 402 750 itt
415 717 507 755 tmttsa
523 696 553 756 T
552 701 651 756 t'tt'ttt'ae
653 743 663 769 ,
676 697 773 760 Cottae
782 699 888 759 uxoris
901 699 979 776 (Cic.
991 699 1082 760 Brut-⁵
1096 719 1126 760 c.
1136 699 1195 774 Di),
1213 699 1287 782 217)
1300 707 1460 772 [accusavit

373 813 448 854 vero
465 795 506 874 ().
525 795 683 854 Metellum
694 795 860 872 Nepotem,
875 797 1030 858 Baleariui
1048 795 1148 860 filium
1164 795 1326 878 (Asconius
1336 797 1368 858 in
1381 797 1457 860 Orat.

371 893 438 954 erc.
450 914 507 974 pro
515 895 552 957 C.
565 896 712 958 Cornelio
722 916 751 958 e.
765 896 778 958 l
793 903 824 973 ).¹

619 1089 694 1156 nv.
726 1089 769 1158 c.
796 1056 959 1186 rapinas
987 1088 1105 1160 carbo
1130 1091 1175 1160 u.
1205 1090 1245 1158 r.

408 1289 477 1352 Cic.
495 1293 582 1352 Brut.
602 1313 630 1354 c.
650 1293 703 1366 62,
728 1293 809 1356 221:
828 1296 866 1354 ln
880 1293 989 1355 eodem
1002 1312 1132 1354 numero
1158 1291 1297 1376 ejusdem
1315 1293 1408 1358 tetatls
1426 1295 1455 1356 C.

365 1388 470 1451 Carbo
481 1392 549 1466 fuit,
567 1393 651 1454 illius
666 1393 913 1474 eloquentissimi
927 1395 990 1461 viri
1008 1393 1102 1469 lilius,
1124 1413 1188 1456 non
1199 1393 1275 1456 satis
1286 1409 1392 1462 acutus
1403 1413 1458 1456 ora·

364 1503 425 1560 tor,
442 1493 497 1551 sed
510 1503 615 1553 tamen
637 1507 744 1556 orator
760 1505 942 1554 numeratus
952 1505 1009 1554 est.
1028 1495 1105 1554 Erat
1118 1489 1153 1554 in
1168 1491 1275 1554 verbis
1286 1495 1421 1574 gravitas
1432 1506 1457 1556 et

364 1585 457 1650 facile
481 1585 625 1666 dicebat,
655 1581 926 1653 etauctoritatem
952 1591 1128 1652 naturalem
1148 1592 1313 1672 quamdam
1338 1591 1457 1652 habebat

365 1692 478 1752 oratio.

400 1826 610 1900 eloquentissimi
624 1827 691 1896 viri]
711 1829 743 1880 C.
764 1829 861 1900 Papirii
882 1827 1021 1888 Carbonis,
1046 1827 1092 1897 qui
1120 1844 1202 1898 supra
1222 1840 1386 1888 recensetur,
1406 1846 1455 1899 pag.

438 1917 488 1968 tto
501 1933 541 1986 sq.

404 2041 472 2106 Cio.
484 2042 642 2106 Oratore.
661 2041 719 2103 632
735 2043 785 2102 Me
794 2054 895 2104 stante
909 2040 946 2103 C.
964 2040 1079 2115 Carbo,
1096 2039 1132 2104 C.
1148 2041 1198 2116 F„
1213 2036 1457 2123 tribunusplebis

359 2145 395 2205 in
411 2145 561 2206 concione
575 2139 654 2204 dixit
667 2139 715 2204 his
726 2141 831 2204 verbis
846 2163 853 2200 :
874 2142 902 2199 O
914 2141 1022 2204 Marce
1037 2140 1166 2201 Druse!
1179 2139 1315 2226 (putrem
1327 2141 1454 2224 eripede).

364 2239 412 2298 Tu
436 2243 537 2299 dicere
552 2239 683 2310 solebas,
709 2259 831 2298 socrum
854 2259 923 2298 esse
941 2237 1179 2317 rempublicam.
1199 2239 1387 2322 Quicumque
1399 2255 1457 2296 eom

360 2339 539 2408 violassent,
554 2339 594 2397 ab
613 2337 755 2397 omnihus
770 2354 838 2395 esse
859 2341 889 2394 ei
903 2357 1013 2414 pretias
1031 2335 1214 2416 persolutus.
1234 2337 1343 2408 Patris
1359 2339 1456 2395 dictum

361 2443 485 2516 sapiens
500 2423 658 2497 temeritas
658 2437 728 2518 filit
739 2437 962 2516 comprobavit.
1024 2509 1026 2512 Ι

394 2593 434 2626 me
447 2579 552 2642 stmtte]
571 2571 591 2625 i.
614 2591 640 2626 e.
663 2591 703 2624 mo
721 2585 862 2645 praesente,
876 2572 1012 2626 audiente.
1029 2570 1122 2626 Cicero
1141 2592 1227 2628 anuos
1245 2573 1399 2644 quindecim
1410 2585 1456 2626 eut

432 2669 511 2709 natus
524 2675 548 2708 a.
563 2657 625 2718 662,
639 2671 693 2726 quo
701 2657 787 2708 Carbo
796 2656 953 2708 concionem
968 2655 1073 2708 habuit.

397 2784 422 2835 0
438 2783 530 2836 Marce
548 2783 649 2848 Druse]
663 2781 696 2834 G.
713 2781 799 2833 Carbo
812 2780 841 2832 in
861 2780 1000 2833 tribunatu
1015 2799 1064 2832 suo
1076 2798 1101 2832 a.
1116 2783 1150 2832 U.
1164 2781 1216 2832 662
1233 2779 1366 2852 oollegatu
1376 2779 1456 2832 habuit

429 2871 466 2922 M.
475 2869 580 2920 Livium
592 2871 718 2930 Drusum,
734 2868 781 2938 qni
793 2870 821 2920 in
838 2867 993 2938 magistratu
1003 2867 1107 2918 occisus
1116 2878 1158 2920 est
1169 2886 1176 2918 ι
1187 2866 1274 2918 occiso
1287 2885 1352 2918 vero
1363 2885 1394 2918 eo
1405 2883 1456 2917 con·

429 2954 532 3024 cionem
546 2950 641 3003 habuit
655 2951 820 3004 adversarius
829 2947 888 3020 ejus
897 2951 994 3013 Carbo,
1015 2950 1043 3000 in
1056 2968 1117 3018 qua,
1135 2953 1251 3006 Drusum
1266 2963 1379 3021 patrem,
1398 2968 1454 3000 ruor-

430 3049 516 3097 tuum,
526 3032 681 3103 appellans,
696 3035 723 3086 id
736 3035 826 3097 refert,
842 3033 913 3104 quod
926 3033 973 3084 ille
983 3033 1085 3085 dixerat
1099 3051 1124 3084 a.
1138 3033 1173 3085 U.
1189 3034 1254 3096 632,
1271 3053 1334 3086 cum
1344 3035 1375 3086 C.
1385 3033 1454 3085 Grac·

429 3125 497 3176 elius
508 3137 556 3194 per
569 3123 704 3195 Opimium
714 3119 869 3172 interfectus
881 3131 947 3170 erat.
958 3121 993 3170 Ut
1005 3119 1075 3170 onir'u
1090 3117 1226 3188 Opimium
1232 3119 1295 3190 jure
1306 3120 1388 3172 istum
1397 3115 1454 3170 ocei-

428 3211 499 3262 disse
512 3211 617 3262 Drusus
632 3220 707 3278 pater
722 3205 860 3276 judicarit,
876 3206 913 3260 sic
929 3225 1003 3257 nuuc
1021 3201 1139 3257 Marcum
1160 3207 1286 3270 Drusum,
1301 3206 1398 3270 fllium,
1410 3219 1455 3256 non

430 3292 529 3362 injuria
539 3291 710 3344 interfectum
720 3290 815 3342 rideri.

594 3479 758 3569 LVle.
774 3477 945 3551 Olaudius
958 3442 1226 3572 Quadrigarius.
1256 3585 1260 3592 ¹

380 3710 385 3720 ·
401 3687 540 3748 Annales
559 3681 684 3766 quidam
697 3677 905 3766 Quadrigarii
924 3677 1072 3742 notiores·
1088 3692 1162 3741 sunt
1179 3699 1275 3761 quarn
1293 3676 1452 3752 orationes,

359 3805 513 3866 unumque
528 3797 648 3848 tautum
662 3802 772 3845 aarum
784 3779 950 3860 vestigium
963 3780 1131 3855 remansit,
1151 3779 1403 3844 modoClaudins
1415 3773 1454 3838 ibi

358 3881 583 3968 Quadrigarius
596 3881 638 3945 sit
649 3879 881 3962 intelligendus.

366 3979 369 3982 ’
401 3982 520 4048 Nonius
529 4005 561 4066 p.
573 3981 647 4056 208,
659 3983 718 4045 26:
729 3983 847 4042 Horrea
856 3997 971 4060 genere
980 3977 1141 4045 feminino.
1158 3977 1308 4044 Claudius
1322 3980 1453 4042 oratioue

358 4087 392 4146 iu
404 4085 567 4168 Quintium
577 4083 719 4147 Gallum:
736 4083 878 4164 Quarum
883 4079 994 4166 jocerii
1009 4101 1150 4140 ururoena
1166 4079 1228 4140 ule
1242 4079 1352 4140 horrea
1367 4081 1454 4138 currit·

357 4203 418 4268 que
431 4198 461 4242 et
474 4181 638 4242 tabularia?
650 4179 797 4258 publicae.
813 4179 957 4260 Ejusdem
967 4177 1092 4256 generis
1108 4177 1276 4240 tabularius
1289 4190 1321 4239 et
1333 4179 1454 4238 horreas

360 4280 446 4344 dixit.
