3218 5320
664 459 737 532 eto

143 623 237 666 manu
252 605 381 686 scriptu.
398 605 475 666 Nem
488 604 637 686 pleraque
649 599 779 685 propria
789 613 952 664 venustate
963 607 1103 668 carentis
1116 608 1249 686 gratiam

147 697 357 763 sibialieoum
369 711 563 763 mutuantur
827 713 829 720 ’

189 802 238 861 Id
254 803 313 882 Ep.
326 799 421 862 aunt.
439 799 516 862 Caes.
533 797 573 873 ΙΙ,
592 797 606 858 l
612 816 669 880 ,.p
684 795 823 860 tolno
833 793 1003 856 Polemone
1018 796 1151 873 rltetore,
1162 821 1252 882 quem
1277 787 1345 866 257

147 911 181 960 tu
200 900 278 961 mihi
298 897 333 960 in
358 899 489 982 epistola
512 911 566 958 tua
590 895 731 980 proxime
745 889 916 956 exhibuisti
929 893 1117 970 Tullianum,
1144 918 1200 977 ego
1216 903 1251 964 in

145 1001 295 1106 orellooe,
312 1018 403 1081 quam
420 1001 452 1056 in
472 1009 579 1056 senatu
592 996 726 1066 recitavi,
743 989 959 1073 philosophum
979 993 1113 1070 reddidi,
1129 992 1252 1058 nisime

145 1089 252 1176 opinio
262 1091 354 1169 fallit,
371 1095 573 1178 peratticum.

190 1193 238 1252 Id
261 1195 319 1274 Ep
339 1193 379 1254 ad
399 1206 533 1254 matrem
556 1190 686 1255 Caesaris
706 1192 748 1262 M,
772 1195 815 1256 2·
807 1208 910 1274 witot
925 1203 1061 1275 συνήγαγόν
1075 1221 1129 1254 τινα
1142 1202 1198 1274 περὶ
1211 1209 1253 1256 του

149 1288 257 1360 populeo
265 1289 389 1352 βασιλεως

181 1413 315 1480 βασιλέως]
336 1413 554 1485 Panegyricum'
546 1433 576 1466 ιιι
594 1413 762 1467 Antoninum
775 1415 851 1467 Pium
863 1410 1002 1482 intelligit,
1017 1411 1050 1464 de
1064 1429 1119 1482 quo
1132 1411 1211 1464 etiam
1224 1413 1253 1464 in

215 1501 299 1572 Epist.
316 1501 364 1567 lv,
382 1501 412 1565 5,
431 1502 457 1565 6,
473 1487 608 1572 loquitur,
627 1499 759 1572 cujusque
776 1502 895 1556 meminit
913 1500 1060 1552 Eumenius
1083 1499 1111 1552 in
1132 1499 1253 1572 Panegy-

187 1602 190 1618 ·
215 1585 301 1638 riooo.
319 1586 360 1640 lt.
376 1585 437 1640 vid.
449 1587 482 1640 A.
494 1587 599 1640 Murus
591 1607 620 1640 ιιι
632 1587 709 1640 Prtel'.
725 1589 817 1640 Front.
810 1607 859 1659 p.
874 1603 956 1639 ιιιιιι
965 1585 1007 1640 ed
1025 1585 1103 1638 Rom.
1117 1588 1186 1638 Eum
1199 1605 1254 1639 non

214 1673 299 1725 ulium
316 1673 399 1727 finisse
419 1693 499 1746 quum
514 1675 670 1738 orationem,
692 1693 770 1750 quam
790 1673 879 1728 dixit
872 1693 901 1726 ιιι
914 1683 1009 1728 senatu
1027 1672 1096 1724 inito
1112 1672 1253 1725 consulatu

218 1759 321 1831 (Epist.
344 1761 377 1812 nd
394 1762 435 1813 M.
456 1763 586 1814 Antonin.
601 1760 634 1822 1,
659 1762 702 1830 9),
720 1761 752 1812 de
766 1758 922 1831 quuitidem
942 1759 985 1810 illi
999 1777 1085 1811 sertum
1102 1759 1189 1812 ested
1201 1778 1254 1812 mu·

220 1854 288 1894 trem
301 1843 383 1894 Marci
397 1843 466 1916 (Ep.
482 1843 563 1896 udM.
581 1843 712 1896 commui
725 1845 760 1908 11,
780 1844 823 1911 5),
836 1841 901 1912 quin
913 1841 993 1912 plene
1007 1842 1135 1906 eamdem,
1154 1861 1187 1896 ex
1200 1859 1254 1913 quo

217 1925 275 1996 ipse
283 1926 385 1996 profert
396 1925 590 2012 quiedam(Ep.
604 1927 637 1980 nd
651 1930 689 1980 Μ.
698 1927 766 1980 Ctes.
776 1927 812 1989 ΙΙ,
826 1925 858 1994 l)
869 1924 1014 1988 ,existimet
1023 1925 1198 1981 Niebuhrius.

190 2049 309 2110 Fronto
323 2049 381 2130 Ep.
398 2049 438 2109 ad
452 2051 496 2111 Μ.
512 2048 627 2113 Qun.
646 2052 692 2123 ΙΙ,
709 2051 749 2110 4ι
767 2051 916 2133 Quoesint
929 2051 1185 2113 aureshominum
1195 2053 1255 2114 hoo

146 2163 296 2230 tempore,
314 2161 428 2230 quanta
442 2151 477 2210 in
492 2151 669 2232 spectandis
683 2139 879 2212 orationibus
892 2151 1059 2229 elegantia,
1077 2171 1117 2213 ex
1131 2150 1254 2215 Aufidio

148 2261 257 2308 nostro
272 2246 355 2308 scire
376 2244 516 2328 poterisr
534 2262 665 2328 quantos
677 2248 713 2310 in
732 2251 876 2306 oratione
891 2266 962 2306 mea
982 2248 1135 2310 clamores
1149 2246 1254 2312 conci·

146 2349 223 2410 terit
242 2359 418 2428 quantoque
438 2359 594 2410 concentu
605 2347 799 2410 laudantium
818 2347 859 2407 sit
879 2361 1043 2428 exceptum
1065 2368 1073 2407 ι
1100 2349 1254 2411 Omnibus

146 2463 216 2507 tunc
238 2452 343 2530 imago
357 2451 499 2526 patriciis
518 2448 708 2530 pingebatur
728 2449 873 2527 insignis.
896 2448 939 2507 At
960 2445 1015 2506 ubi
1028 2466 1125 2526 genus
1149 2448 1254 2511 nobile

144 2545 274 2627 ignobili
284 2567 469 2630 comparans
478 2547 554 2608 dixit
572 2547 613 2606 Ut
626 2552 654 2606 si
663 2551 730 2630 quis
739 2551 845 2626 ignem
856 2545 895 2604 de
908 2566 981 2627 rogo
991 2560 1021 2605 et
1026 2567 1082 2606 ara
1090 2568 1253 2609 accensum

145 2645 276 2702 similem
292 2658 385 2722 putet,
413 2646 559 2725 quoniam
578 2660 667 2722 uque
687 2640 807 2714 luceat,·
828 2639 868 2698 ud
887 2640 946 2700 hoo
959 2659 1058 2720 pauca
1077 2643 1253 2706 admurmu-

147 2750 310 2799 retusum.
362 2774 367 2798 2

185 2866 329 2934 Omsr'lus]
353 2884 386 2918 ex
401 2863 590 2938 Panegyrico⁸
582 2881 612 2915 m
627 2862 704 2958 Pium
727 2863 798 2916 dioto
818 2863 873 2915 nee
894 2877 999 2935 sumptu
1020 2877 1102 2928 sunt,
1124 2877 1255 2939 utsupra

212 2953 282 3006 dixi.

181 3085 238 3146 ld.
250 3086 308 3167 Ep.
325 3083 366 3144 etl
378 3083 572 3162 Antoninum
585 3085 629 3158 11,
648 3085 680 3146 8:
696 3083 760 3146 Pro
769 3095 877 3144 uetere
886 3099 961 3162 erga
970 3103 1020 3146 me
1033 3082 1253 3150 benevolentia

148 3183 324 3256 traiecisti,
337 3185 418 3264 quod
428 3187 612 3258 orationum,
626 3203 704 3265 ques
714 3183 814 3246 irater
824 3196 894 3244 tuus
904 3179 1056 3246 Dominus
1062 3195 1169 3248 nester
1174 3187 1253 3250 ‹lesi-

145 3284 322 3354 donaverat,
334 3279 556 3342 mittendarum
567 3281 648 3362 opud
655 3300 705 3341 me
713 3280 849 3360 gratiam
856 3279 939 3342 inire
946 3276 1085 3342 voluisti.
1094 3281 1253 3364 Adjunexi

144 3381 227 3442 ultro
240 3389 298 3458 ego
311 3373 438 3440 tertium
453 3381 624 3436 orationem
634 3397 693 3455 pro
703 3375 924 3438 Demonstroto
934 3375 1146 3438 Petiliana...
1161 3399 1253 3460 quam

144 3498 215 3540 uum
232 3475 325 3538 fratri
338 3487 392 3535 tuo
406 3469 515 3548 obtuli,
530 3470 627 3536 didici
641 3493 742 3547 exeo,
760 3473 1034 3551 Asclepiodotum,
1050 3477 1104 3558 qui
1112 3481 1254 3538 oratione

136 3583 206 3657 isto
220 3575 433 3656 compelletur,
450 3585 515 3636 ate
527 3595 591 3638 uon
606 3569 793 3656 improbari.
804 3607 846 3620 -
858 3573 946 3636 Adde
961 3575 1019 3655 Ep
1036 3573 1204 3639 advenum
1220 3581 1250 3654 9,

148 3700 297 3842 loomim
329 3771 497 3834 Frontonis
527 3747 565 3832 cle
597 3771 765 3832 hereditate
789 3771 952 3845 Matidiae,
982 3770 1031 3832 Pii
1054 3784 1249 3852 metentem,

145 3885 404 3940 commemoratur
415 3889 449 3930 ιιι
459 3864 559 3951 Epist
577 3869 617 3932 ad
632 3867 786 3930 Antonin.
801 3869 846 3941 ll,
865 3868 904 3929 12
918 3879 951 3929 et
965 3867 1016 3929 13.

186 3971 296 4040 Oratio
315 3970 479 4034 Frontonis
502 3969 645 4030 adversus
669 3969 822 4028 Herodem
846 3967 987 4026 Atticum
1005 3981 1197 4030 memoratur
1217 3971 1251 4033 in

147 4073 245 4156 Epist.
265 4068 385 4132 Aurelii
398 4068 529 4130 Caesaris
541 4067 580 4129 ad
591 4067 782 4129 Frontonem
805 4066 867 4137 ΙΙΙ,
882 4063 923 4137 2;
941 4064 980 4178 tul
998 4059 1192 4128 Antoninum
1205 4068 1249 4142 ll,

148 4177 179 4245 8,
198 4169 406 4233 adVerumt.

185 4275 294 4335 Exstat
310 4266 517 4344 fragmentum
534 4260 716 4322 Gratiarum
730 4262 859 4319 actionis
875 4261 907 4317 in
930 4271 1037 4318 senatu
1045 4279 1104 4338 pro
1121 4257 1249 4318 oar-m
