3218 5320
884 457 955 533 360

366 597 484 666 rianos,
500 607 650 678 quatenus
663 593 724 656 sibi
737 593 939 658 matrimonia
957 593 1039 656 male
1057 593 1216 668 cederent,
1234 611 1474 674 permansurum

365 717 399 760 se
414 699 446 758 in
460 696 617 770 eoelibatu,
641 716 678 757 ac
699 693 760 757 nisi
783 692 1015 777 permansisset,
1034 713 1097 756 non
1113 705 1329 757 recusaturum
1349 695 1476 756 confodi

366 795 508 896 manibus
521 798 671 880 ipsorum.

640 997 715 1078 CV.
746 1001 842 1074 Nero
857 995 1041 1076 Claudius
1056 995 1190 1078 Caesar.
1241 997 1244 1006 ’

405 1211 537 1294 Accepit
548 1210 714 1292 imperium
729 1229 758 1272 a.
772 1211 814 1276 U·
828 1208 904 1280 806,
918 1229 949 1290 p.
961 1210 1039 1272 Chr.
1052 1209 1104 1272 st.
1392 1277 1396 1286 ,

406 1303 493 1374 Suet.
504 1309 624 1372 Neron.
634 1327 663 1368 c.
680 1308 696 1368 l
710 1299 820 1388 :shpud
834 1307 975 1371 eumdem
984 1305 1139 1368 consulem
1152 1327 1212 1386 pro
1226 1309 1474 1369 Bononiensibus

362 1405 466 1487 latine,
487 1430 545 1488 pro
563 1408 689 1470 Rhodiis
703 1423 792 1492 atque
804 1405 965 1466 Iliensibus
979 1428 1082 1486 graece
1098 1407 1291 1488 verbofecit.

404 1507 506 1570 Tacit.
527 1508 613 1567 Anu.
631 1503 709 1576 ΧΠ,
731 1506 790 1566 58:
816 1505 857 1564 D.
879 1503 992 1577 Junio,
1016 1503 1060 1585 Q.
1080 1503 1209 1564 Haterio
1228 1503 1314 1566 Coss.
1338 1501 1381 1586 (a.
1397 1504 1473 1592 806)

362 1605 496 1670 sedecim
509 1603 714 1670 annos'natus
726 1605 811 1666 Nero
827 1600 1005 1677 Octaviam,
1026 1603 1156 1666 (imanis
1176 1603 1284 1680 liliam,
1308 1604 1343 1665 in
1363 1608 1473 1668 matri·

363 1710 503 1775 monium
524 1707 656 1788 accepit.
684 1709 789 1786 thue
813 1701 924 1767 studiis
944 1705 1085 1766 honestis
1108 1717 1141 1766 et
1163 1707 1346 1788 eloquentiae
1372 1706 1474 1786 gloria

361 1808 541 1878 nitesceret,
564 1823 656 1868 causa
679 1799 838 1864 Iliensium
853 1815 996 1884 suscepta
1009 1803 1183 1863 Romanum
1197 1804 1292 1866 Troia
1305 1805 1473 1866 demissum

265 1919 335 1990 242
360 1920 394 1971 et
406 1905 496 1968 Juliae
508 1899 615 1984 stirpis
629 1911 789 1962 auctorem
804 1901 924 1961 AEneau
939 1895 1062 1978 aliaque
1076 1898 1158 1959 haud
1169 1901 1280 1981 procul
1293 1899 1409 1962 fabulis
1422 1921 1472 1962 ve·

362 2018 431 2066 tera
442 1999 743 2064 facundeexsecutus
753 1996 913 2078 impetrat,
927 2007 960 2056 nt
973 1992 1331 2078 Iliensesomni'publico
1341 2013 1473 2060 munere

362 2104 570 2168 solverentur.
587 2099 701 2160 Eodem
713 2110 839 2159 oratore
848 2095 1039 2157 Bononiensi
1051 2094 1181 2157 colonie
1196 2097 1262 2174 igni
1272 2098 1394 2158 hanstae
1403 2099 1470 2159 sub·

362 2215 490 2267 versum
501 2193 622 2262 centies
634 2192 771 2258 sestertii
783 2194 962 2272 largitione.

401 2297 490 2361 Suet.
503 2297 580 2360 Ner.
594 2314 623 2354 c.
638 2293 698 2353 46:
715 2292 793 2354 Cum
808 2295 998 2352 exoratione
1012 2285 1091 2370 ejus,
1103 2311 1163 2374 qua
1178 2295 1211 2348 in
1225 2291 1261 2353 V
1260 2291 1472 2371 indicem'per·

360 2397 469 2460 orobat
476 2442 486 2470 ,
514 2391 702 2456 recitaretur
716 2393 750 2452 in
765 2405 887 2461 senatu,
903 2391 1030 2450 daturos
1039 2410 1143 2469 poenos
1157 2391 1324 2452 sceleratos
1337 2415 1376 2452 oc
1391 2393 1474 2452 brevi

361 2496 487 2573 dignam
498 2494 614 2550 emtum
616 2488 771 2567 facturos,
783 2487 1009 2550 conclamatum
1019 2499 1067 2547 est
1076 2485 1116 2546 ab
1127 2483 1297 2549 universis:
1306 2491 1352 2550 Tu
1362 2491 1469 2566 iacies,

361 2594 517 2674 Auguste!

394 2730 422 2778 in
433 2723 584 2788 Vindicem]
594 2717 661 2772 ibid.
672 2735 730 2790 cap.
742 2717 791 2770 40:
804 2715 898 2770 Talem
904 2724 1049 2792 prinoipem
1055 2723 1149 2792 paullo
1160 2726 1247 2772 minus
1257 2726 1471 2793 qnotmordeeim

429 2820 652 2877 anmspeipessns
660 2817 789 2856 terrarum
796 2806 976 2856 orhirtandem
985 2808 1108 2870 destituit,
1115 2811 1219 2860 inita'um
1217 2807 1379 2873 facientibus
1384 2809 1472 2860 Gallis

399 2911 404 2922 ·
428 2894 494 2947 doce
505 2889 578 2942 loto
594 2890 626 2944 V
623 2889 718 2950 indies,
730 2891 778 2958 qui
790 2898 915 2938 tumeam
924 2891 1086 2957 provinciam
1095 2907 1146 2959 pro
1156 2901 1267 2961 praetore
1278 2891 1422 2942 obtinebat.
1436 2919 1470 2930 -

430 2973 492 3026 lieno
505 2989 548 3024 res
562 2969 659 3024 eccidit
669 2988 693 3021 a.
704 2970 738 3020 tt.
750 2969 812 3020 tto.
823 2967 902 3020 Coni.
913 2967 990 3022 Suet.
1001 2969 1082 3022 Galb.
1093 2989 1117 3024 c.
1128 2974 1144 3024 9
1154 2989 1212 3041 sqq.

362 3097 365 3104 ’
399 3099 481 3162 lbitl.
502 3117 531 3157 c.
551 3095 610 3156 lt:
638 3090 787 3156 Nuntiata
808 3094 935 3154 interim
957 3096 1053 3158 etiam
1075 3110 1253 3159 ceterorum
1268 3101 1467 3162 exercituum

358 3199 530 3266 delectione
533 3240 598 3255 .....
615 3194 704 3257 varia
718 3195 859 3275 agitavit,
876 3197 1051 3258 Parthosne
1068 3217 1108 3259 an
1123 3199 1258 3263 Galbam
1272 3202 1404 3284 supplex
1417 3223 1468 3284 pe

357 3312 450 3373 teret,
470 3315 511 3361 an
532 3308 649 3358 atratus
669 3297 813 3378 prodiret
832 3295 865 3356 in
887 3296 1065 3378 publicum,
1087 3319 1206 3381 proque
1225 3302 1337 3364 rostris
1351 3317 1467 3384 quanta

357 3397 492 3462 maxima
515 3409 618 3480 posset
637 3395 838 3458 'miseratione
863 3396 986 3458 veniam
1011 3399 1240 3478 preteritorum
1264 3416 1464 3482 precaretur,

357 3517 394 3559 ac
417 3497 451 3557 ni
471 3493 608 3557 flexisset
631 3490 770 3565 animos,
793 3492 845 3552 vel
866 3490 991 3577 AEgypti
1014 3494 1232 3576 prefecturam
1252 3500 1385 3560 concedi
1405 3499 1465 3559 sibi

356 3603 473 3655 oraret.
506 3591 656 3653 Inventus
679 3601 726 3649 est
746 3601 851 3671 postea
874 3589 908 3648 in
929 3589 1047 3652 scrinio
1069 3590 1136 3671 ejus
1156 3593 1216 3654 hac
1242 3595 1281 3656 de
1303 3613 1339 3654 re
1360 3615 1465 3655 sermo

355 3692 516 3754 formatus.

400 3785 482 3850 lhid.
496 3808 525 3850 c.
540 3789 577 3850 9:
599 3785 695 3850 Orsus
718 3807 737 3849 a
758 3787 883 3868 pietatis
899 3785 1106 3851 ostentatione
1121 3789 1280 3851 Claudium
1295 3788 1464 3874 apparatis·

355 3887 433 3948 simo
447 3885 555 3946 lanere
569 3885 685 3946 elotum
695 3884 829 3944 laudavit
843 3886 1111 3966 consecravitque.
1195 3927 1199 3933 -

397 3982 477 4044 lbitl.
498 4001 529 4043 c.
542 3983 599 4044 15:
620 3983 780 4042 Orationes
793 3983 837 4039 ad
849 3997 989 4042 senatum
1005 3986 1116 4042 missos
1131 3984 1289 4065 praeterito
1304 3981 1465 4066 quaestoris

356 4083 458 4146 officio
472 4101 528 4164 per
542 4081 698 4146 consulem
713 4082 893 4163 plerumque
908 4082 1072 4145 recitabat.

397 4184 544 4248 Ceterum
559 4181 637 4248 alias
651 4183 777 4246 Senecae
792 4183 917 4260 ingenio
941 4203 1011 4244 usus
1031 4197 1078 4246 est
1098 4186 1193 4259 Nero,
1217 4187 1340 4268 quando
1361 4186 1462 4248 oratio

355 4281 497 4344 habenda
508 4295 587 4344 erat.
602 4278 666 4354 Sic,
680 4291 715 4340 ut
724 4281 799 4341 Tac.
815 4279 848 4340 in
858 4284 942 4341 Ann.
953 4281 1046 4356 Xlll,
1059 4281 1088 4354 3,
1103 4281 1259 4357 observat,
1272 4281 1462 4344 adnotabant
