3218 5320
901 423 972 494 302Ι

727 686 838 758 LXV.
866 688 914 758 Μ.
937 663 1138 758 Favonius.

422 894 500 956 Cum
515 893 599 952 locus
614 909 652 951 ex
663 889 808 954 oratione
819 889 978 964 Favorini,
993 888 1108 952 veteris
1120 885 1267 960 oratoris,
1278 890 1317 950 66
1327 907 1468 950 coenarum

380 1005 471 1072 atque
484 985 877 1069 luxuriaeopprohratione,
893 1007 953 1069 qua
968 1005 1039 1048 usus
1048 997 1106 1060 est,
1122 1005 1214 1066 quum
1224 986 1323 1064 legem
1334 982 1467 1046 Liciniam

379 1093 417 1152 tle
440 1100 562 1171 sumptu
584 1087 752 1150 minuendo
773 1083 881 1162 suasit,
904 1087 985 1169 apud
998 1086 1136 1150 Gallium
1157 1097 1358 1158 memoretur,
1379 1105 1467 1148 omncs

378 1189 609 1274 inquisiverunt
630 1189 736 1251 sedulo
756 1189 902 1265 editores,
930 1189 998 1270 quis
1020 1187 1073 1248 ille
1095 1185 1137 1248 sit
1159 1189 1353 1250 Favorinus:
1371 1186 1467 1248 nemini

378 1304 483 1352 tamen
504 1289 635 1368 contigit
656 1289 770 1352 6116116
785 1286 904 1369 aliquid
926 1289 964 1350 de
985 1289 1045 1348 hoc
1067 1288 1221 1369 scriptore
1237 1289 1325 1348 lucis.
1353 1289 1423 1348 Nam
1442 1285 1466 1348 in

378 1388 445 1466 lege
460 1385 582 1449 Licinia
596 1385 770 1468 desumpta
785 1386 965 1459 minuendo,
976 1389 1044 1466 quar
1059 1406 1078 1447 a
1091 1385 1251 1446 Macrohio
1265 1397 1298 1446 et
1309 1385 1409 1449 Gellio
1420 1386 1468 1446 lan·

378 1489 480 1560 datur,
495 1481 645 1549 Favorini
663 1485 747 1547 nulla
761 1484 797 1546 fit
811 1486 942 1548 mentia.
959 1486 1072 1548 Obiter
1089 1498 1193 1546 antem
1206 1485 1371 1548 occasione
1384 1484 1469 1546 oblata

377 1606 502 1661 moneo,
520 1607 650 1659 annum,
667 1607 727 1668 quo
747 1607 786 1650 66
806 1589 858 1649 lex
879 1587 920 1650 sit
941 1588 1016 1662 lata,
1033 1585 1119 1648 vario
1140 1588 1230 1648 modo
1250 1607 1271 1647 a
1293 1585 1369 1648 viris
1388 1587 1469 1646 doctis

378 1686 535 1748 constitui.
548 1686 727 1750 Gronovius
736 1687 820 1748 enirn
830 1687 961 1749 adGell.
974 1687 1018 1762 ll,
1032 1686 1084 1758 21,
1098 1705 1181 1746 auno
1197 1683 1258 1744 666
1266 1705 1340 1747 eam
1352 1687 1471 1763 assignat

383 1778 459 1873 [non
479 1784 541 1846 666
558 1784 647 1854 dicit,
667 1796 703 1846 ut
724 1782 908 1866 typographi
931 1783 1027 1868 ipsius
1048 1797 1228 1868 posuerunt,
1246 1785 1301 1845 6611
1313 1783 1391 1857 -656,
1410 1803 1464 1843 cnm

378 1885 472 1944 addat
492 1873 690 1945 consulatum]
707 1881 744 1946 C·
765 1879 881 1944 Licinii
902 1882 1008 1945 Crassi
1031 1896 1064 1944 ct
1087 1882 1146 1946 Cn.
1167 1876 1472 1968 (16166Ιί11161116616Ι

377 1979 510 2042 Bachius
524 1980 557 2042 in
572 1981 653 2043 llist.
665 1977 800 2062 Jurispr.
821 2001 853 2062 p.
870 1981 928 2042 165
944 1982 984 2043 66
1005 2000 1123 2042 annum
1142 1979 1201 2042 651
1219 1972 1337 2068 [6566]
1355 1999 1416 2039 ram
1429 1998 1466 2038 re-

377 2082 448 2156 1611,
461 2077 589 2156 Pighius
601 2082 640 2144 ad
654 2079 858 2154 6116616611,
874 2078 1106 2144 Freinshemius
1120 2080 1254 2160 denique
1265 2077 1351 2161 (ride
1361 2079 1467 2160 Supple

257 2204 260 2212 ¹
377 2191 480 2238 menta
503 2177 633 2238 Liviana
656 2177 690 2238 in
711 2177 734 2237 l.
754 2177 862 2249 LXIV,
883 2197 914 2237 c.
935 2177 988 2262 52)
1005 2176 1044 2238 66
1062 2194 1177 2238 anunm
1200 2175 1272 2238 612.
1299 2177 1404 2257 Nuper
1423 2176 1463 2232 l'r.
1500 2207 1504 2216 ι

328 2291 334 2310 ‘
375 2275 559 2344 Wdllnerus
572 2275 606 2335 in
616 2276 827 2340 Commentat.
840 2277 878 2335 66
892 2277 993 2338 laevia
1006 2271 1465 2358 6661611111136111.6616116666,Ῑ

378 2377 473 2450 1836,
488 2375 638 2434 Decemb.
654 2396 686 2436 n.
701 2373 770 2456 155)
781 2375 900 2446 statuit,
913 2377 951 2436 P.
963 2373 1120 2438 Licinium
1131 2376 1277 2439 Crassum
1290 2376 1326 2436 in
1338 2389 1463 2457 praetura,

374 2493 466 2554 quarn
486 2474 570 2534 anno
586 2472 648 2534 650
660 2471 758 2551 gessit
773 2468 819 2554 (ut
839 2493 876 2534 ax
896 2471 999 2551 Pighii
1015 2472 1190 2535 Annalibus
1210 2473 1271 2535 vol.
1294 2475 1356 2544 ΙΙΙ,
1376 2495 1406 2554 p.
1419 2473 1464 2533 155

374 2571 522 2654 apparet)
547 2571 647 2650 legem
671 2571 893 2654 sumptuariam
918 2572 1035 2633 tulisse.
1065 2575 1177 2653 legem
1199 2569 1354 2635 Liciniam
1375 2570 1465 2632 idcca

374 2669 486 2734 Crasso
507 2681 640 2751 praetore
660 2671 755 2731 latam
775 2689 841 2730 esse
862 2667 958 2746 dicit,
981 2671 1054 2750 quia
1076 2668 1254 2733 Macrobius
1274 2670 1341 2732 Sat.
1359 2672 1407 2742 ΙΙ,
1425 2669 1462 2738 tt,

374 2766 535 2849 plerasque
555 2767 641 2844 leges
661 2767 868 2846 sumptuarias
891 2787 910 2828 a
936 2767 1122 2847 praetoribus
1145 2778 1199 2829 aut
1221 2764 1362 2828 tribunis
1382 2766 1463 2846 plebis

372 2865 582 2948 promulgatas
597 2866 783 2928 tradiderit:
807 2867 925 2928 nullam
948 2881 1052 2928 tamen
1072 2865 1225 2948 reliquam
1239 2887 1325 2939 esse,
1352 2887 1435 2946 quarn
1451 2885 1464 2923 a

372 2981 506 3049 praetore
531 2965 759 3048 promulgatam
785 2987 853 3028 csse
879 2967 1035 3040 dicamus,
1065 2981 1181 3048 praeter
1207 2965 1383 3044 Liciniam
1409 2983 1464 3026 tun

372 3068 486 3131 deinde
497 3067 636 3134 Lucilius
653 3069 688 3129 in
704 3067 896 3130 carminibus
911 3065 975 3130 suis
990 3065 1147 3130 Liciniam
1161 3068 1261 3147 legem
1276 3067 1463 3148 significaret,

373 3163 460 3246 isque
480 3166 649 3228 secundam
666 3162 853 3249 llieronyml
876 3163 1087 3227 testimoninm
1116 3164 1283 3249 (Chronic.
1307 3166 1415 3226 Euseh.
1435 3165 1463 3224 ad

372 3262 423 3326 01.
438 3260 574 3332 CLXlX,
589 3261 620 3344 2)
635 3279 718 3321 anno
739 3265 780 3327 U.
801 3261 861 3323 651
885 3262 1016 3343 Neapoli
1036 3260 1121 3324 diem
1143 3261 1282 3338 obiisset,
1305 3257 1464 3327 necessario

373 3362 571 3422 statuendum
591 3379 670 3434 esse,
692 3373 765 3420 ante
787 3361 865 3422 illud
886 3373 1008 3442 tempus
1028 3362 1129 3440 legem
1150 3363 1305 3425 Liciniam
1328 3359 1463 3424 sancitam

373 3458 477 3520 luisse.
500 3458 562 3521 Sed
582 3455 622 3519 ad
642 3457 834 3538 propositum
855 3469 997 3520 nostrum
1021 3471 1229 3522 revertamur.
1253 3457 1400 3522 Favorini
1417 3457 1465 3518 illis

373 3557 564 3640 temporibus
578 3577 729 3639 nusquam
742 3561 859 3622 mentio
873 3559 1028 3634 16616661,
1045 3574 1138 3641 atque
1153 3563 1230 3624 adeo
1244 3581 1359 3622 nomen
1378 3581 1395 3621 6
1408 3577 1464 3640 pro·

373 3659 466 3736 genie
479 3659 620 3720 Romana
634 3655 795 3720 abhorret.
808 3655 947 3719 Pithoeus
961 3659 1080 3718 Fannii
1102 3679 1215 3722 nomen
1230 3661 1383 3720 Favorino
1401 3675 1474 3738 praa·

373 3754 462 3827 tulit,
485 3753 657 3835 prasertim
674 3774 747 3816 cum
768 3755 906 3816 Fannius
928 3755 995 3838 ipse
1014 3769 1128 3831 antea,
1153 3769 1188 3817 ut
1207 3769 1351 3830 constat,
1376 3755 1463 3837 legem

373 3839 595 3934 sumptuariam
603 3851 756 3914 dedisseta
767 3871 878 3915 rerum
887 3871 988 3934 neque
997 3855 1079 3934 apud
1089 3853 1261 3936 scriptores
1274 3864 1460 3920 memoratur,

372 3951 525 4014 Fannium
539 3949 691 4014 liciniani
704 3971 826 4036 qnoque
839 3953 937 4031 legem
951 3953 1176 4034 sumptuariam
1189 3951 1334 4024 suasisse,
1349 3973 1404 4014 nec
1417 3969 1461 4010 an·

374 4071 485 4116 norum
499 4051 635 4134 spatium
648 4052 820 4135 permittit,
837 4053 1006 4130 Fannium,
1023 4054 1076 4135 qui
1095 4055 1130 4116 in
1147 4055 1313 4118 consulatu
1326 4073 1380 4115 suo
1394 4067 1464 4112 anno

373 4154 413 4218 U.
426 4151 487 4216 592
502 4153 601 4231 legem
614 4154 758 4227 dederat,
774 4153 867 4215 inisse
882 4154 958 4233 legis
970 4155 1100 4216 Liciniae
1109 4173 1289 4230 suasorem,
1314 4173 1380 4237 quaa
1392 4167 1462 4213 anno

372 4248 502 4314 circiter
516 4250 591 4327 650,
610 4265 676 4334 post
696 4252 845 4314 Fanniam
859 4266 976 4334 septem
991 4265 1022 4314 et
1038 4250 1263 4334 quinquaginta
1279 4272 1389 4327 aranos,
1410 4249 1462 4308 1³1³
