3218 5320
877 451 945 527 ata

357 608 419 689 ptis
440 608 477 669 ad
497 617 637 668 senatum
660 599 762 662 literis
784 597 971 674 declarasti,
997 617 1054 676 ego
1073 596 1138 677 jana
1160 595 1213 656 nic
1234 593 1392 676 triumpho
1396 638 1461 653 .....

356 709 458 790 Quom
471 707 603 768 maxime
617 707 683 764 liaeo
697 722 755 782 ego
771 721 890 762 atrocum
907 700 1074 778 agitabam,
1086 717 1156 759 cum
1169 693 1306 757 orationi
1322 707 1381 756 tuae
1396 714 1466 754 suc·

356 810 448 872 cessit
463 804 616 869 Antonini
632 803 772 888 (iratris)
792 799 905 874 oratio,
930 798 962 860 di
985 800 1076 861 honil
1095 795 1351 879 quampulchre!
1370 815 1464 876 quam

355 926 430 968 rere
452 905 567 966 multa!
588 905 679 986 plane
699 899 783 962 dicta
803 899 908 961 omnia
929 911 961 960 ct
982 898 1079 958 verba
1098 893 1275 970 delenifica,
1295 895 1413 975 pietate
1432 906 1465 952 et

355 1003 416 1064 lide
428 989 459 1063 e't
469 1021 575 1064 amore
586 1014 618 1063 et
630 997 782 1060 desiderio
797 996 936 1058 dilibuto.
954 995 1028 1056 Una
1042 991 1235 1056 mehercules
1249 1005 1301 1052 tua
1316 990 1462 1072 epistula,

355 1121 417 1161 una
435 1099 481 1160 tui
500 1085 606 1160 fratris
628 1098 665 1156 de
689 1109 720 1156 te
740 1095 863 1174 tuisque
877 1088 1046 1154 virtutibus
1065 1086 1166 1152 oratio
1185 1087 1321 1150 nobilior
1341 1089 1380 1148 ad
1400 1087 1464 1166 glo·

355 1202 435 1262 riam
456 1214 488 1261 et
509 1189 548 1262 ad
569 1211 708 1282 posteros
723 1195 911 1279 celebratior
926 1193 1002 1270 erit,
1021 1210 1112 1274 quam
1127 1189 1268 1272 plerique
1285 1189 1468 1271 principum

355 1302 515 1382 triumphi.

384 1439 495 1505 fratris]
509 1435 589 1488 Marci
601 1433 741 1486 Antonini.

400 1579 514 1638 Fronto
530 1577 590 1655 Ep.
603 1575 640 1634 ad
655 1573 693 1630 ll.
709 1571 786 1634 Cas.
800 1575 839 1642 V,
860 1569 896 1631 3:
914 1569 1074 1640 Miserere,
1092 1585 1186 1628 unum
1200 1561 1331 1629 verbum
1345 1563 1384 1626 de
1397 1587 1466 1628 ora·

357 1680 443 1740 tione
460 1676 579 1751 ablega,
594 1685 625 1733 et
640 1690 754 1751 quaeso,
769 1692 807 1730 ne
824 1690 959 1750 unquam
974 1690 1011 1730 eo
1027 1668 1137 1738 utaris,
1150 1669 1316 1726 dictionem
1327 1685 1386 1747 pro
1398 1689 1466 1726 ora·

357 1781 451 1835 tione.
464 1774 553 1834 Vale.

401 1874 486 1935 ldem
501 1871 557 1952 Ep.
573 1869 612 1930 ad
627 1867 819 1930 Antoninum
835 1869 861 1940 1,
876 1867 914 1926 2:
937 1863 1086 1926 Proximo
1107 1875 1232 1938 senatu,
1251 1885 1322 1926 cum
1336 1865 1467 1948 Cyzice-

359 1993 470 2034 norum
482 1989 610 2051 gravem
626 1985 749 2028 causam
764 1981 1034 2035 commemorares,
1053 1963 1097 2024 ita
1109 1969 1280 2026 orationem
1295 1979 1380 2026 tuam
1394 1965 1469 2044 figu-

359 2068 447 2144 rasti,
469 2090 559 2150 quam
581 2066 713 2145 liguram
730 2063 836 2128 Graeci
850 2074 994 2146 παράλειψιν
1009 2061 1177 2143 appellant,
1199 2077 1234 2122 ut
1251 2066 1471 2142 praetereundo

359 2187 464 2234 tamen
480 2167 601 2232 diceres
615 2181 647 2230 et
660 2167 792 2229 dicendo
807 2177 913 2226 tamen
927 2163 1116 2244 praeterires.
1138 2163 1174 2222 ln
1190 2179 1250 2243 quo
1265 2165 1362 2225 multa
1378 2166 1471 2226 simul

359 2273 514 2334 laudanda
527 2281 616 2332 sunta
633 2269 768 2349 primum
781 2267 843 2328 hoc
857 2278 888 2326 te
902 2264 1078 2327 doctissime
1091 2265 1297 2345 perspexisse,
1312 2266 1470 2326 sociorum

361 2387 473 2446 graues
486 2384 639 2427 aerumnas
655 2383 717 2425 non
734 2353 885 2442 perpetua
899 2381 999 2442 neque
1016 2375 1104 2423 reeta
1121 2373 1175 2420 aut
1193 2363 1312 2442 prolixa
1327 2361 1471 2425 oratione

362 2465 605 2544 exaggerandas,
617 2463 800 2522 indicandas
811 2474 914 2522 tamen
930 2481 996 2522 esse
1011 2461 1190 2544 impensius,
1203 2473 1237 2521 ut
1248 2462 1334 2541 digni
1345 2476 1472 2526 senatus

363 2564 578 2628 misericordia
603 2577 636 2625 et
661 2563 775 2626 auxilio
800 2563 993 2623 viderentur.
1023 2561 1146 2626 Deinde
1168 2565 1215 2626 ita
1238 2563 1383 2625 breviter
1403 2584 1469 2627 rem

363 2687 487 2730 omnem
501 2679 591 2746 atque
605 2661 650 2725 ita
660 2664 763 2725 valide
776 2661 914 2724 elocutus
928 2683 970 2737 es,
984 2675 1019 2723 ut
1029 2664 1225 2744 paucissimis
1233 2661 1339 2727 verbis
1350 2667 1467 2739 omnia,

363 2785 430 2846 quae
450 2785 502 2825 res
522 2773 676 2846 posceret,
698 2758 976 2856 continerentur...
1003 2761 1039 2820 ln
1061 2758 1205 2822 oratione
1226 2773 1280 2822 tua
1298 2760 1468 2844 Cyzicena,

364 2882 433 2924 cum
446 2858 519 2922 deos
533 2859 727 2940 precaveris:
744 2857 795 2928 Et,
812 2858 906 2936 sifus
918 2872 975 2930 est,
989 2856 1127 2931 obsecro,
1140 2855 1301 2934 addidisti,
1315 2860 1400 2939 quod
1411 2879 1473 2938 ego

363 2981 413 3021 me
429 2981 491 3022 non
506 2957 634 3020 memini
649 2947 779 3036 legisse:
793 2953 952 3014 obsecrari
964 2955 1048 3016 euim
1063 2968 1095 3016 et
1109 2961 1260 3016 resacrari
1272 2957 1404 3038 populus
1419 2970 1472 3018 aut

362 3053 484 3141 judiees
499 3054 653 3118 solebant.

404 3190 598 3255 Cyzicenorum]
614 3186 697 3236 oratio
710 3185 742 3236 de
755 3196 831 3236 terrae
845 3196 929 3248 motu,
948 3203 1002 3254 quo
1014 3186 1130 3256 Cyzicus
1143 3197 1272 3240 concussa
1284 3199 1334 3240 est.
1349 3189 1386 3240 V·-
1400 3190 1461 3258 Ang

436 3275 491 3326 Mai
501 3285 601 3331 notam,
611 3292 638 3342 p.
652 3272 710 3322 lli.

400 3387 432 3442 St
434 3387 496 3459 fas]
514 3380 550 3439 Ea
571 3375 716 3450 locutione,
737 3389 822 3452 sisar
840 3375 953 3451 obsecro,
976 3385 1081 3436 Marcus
1102 3386 1219 3439 imitatus
1240 3387 1329 3439 fuerat
1346 3387 1471 3440 Plautum

436 3469 531 3525 Bacch.
542 3469 590 3530 IV,
602 3470 627 3530 9,
640 3469 699 3519 tot.
711 3465 781 3520 Mai.

408 3601 525 3660 Fronto
539 3596 587 3656 De
601 3593 793 3655 orationibus
803 3592 965 3655 Antonino
979 3595 1117 3673 Augusto
1131 3615 1164 3676 p.
1178 3596 1257 3658 2452
1272 3594 1427 3676 Pleraque
1439 3597 1471 3656 in

365 3694 508 3757 oratione
527 3690 649 3752 recenti
668 3703 735 3761 tua,
755 3690 836 3769 quod
855 3691 894 3750 ad
912 3691 1083 3752 sententias
1101 3688 1231 3763 attinet,
1255 3688 1472 3754 animadverto

267 3776 338 3852 260
364 3789 489 3868 egregia
503 3808 582 3860 esse,
597 3807 696 3868 pauca
711 3787 874 3850 admodum
888 3799 950 3848 uno
964 3797 1056 3848 tenus
1070 3788 1168 3850 verbo
1182 3788 1379 3868 corrigenda,
1394 3809 1470 3850 nou·

368 3886 444 3948 nihil
456 3886 612 3946 interdum
624 3884 798 3946 elocutione
810 3882 935 3946 novella
946 3905 1055 3966 parum
1069 3885 1235 3963 signatum.

410 3983 526 4051 Oratio,
538 4001 632 4062 quam
646 3980 778 4038 vixdum
788 3984 957 4057 pater-itiam
973 4001 1115 4063 egressus
1127 3983 1302 4040 Antoninus
1318 3986 1349 4040 in
1365 3994 1470 4039 senatu

367 4084 479 4152 habuit,
492 4099 511 4139 a
522 4081 679 4142 Frontone
689 4080 833 4142 laudatur
846 4081 879 4140 in
891 4082 989 4162 Epist.
1003 4083 1204 4145 ald-Antonin.
1215 4083 1240 4157 1,
1254 4083 1284 4143 2.

408 4180 524 4239 Fronto
535 4177 593 4256 Ep.
608 4177 646 4235 ad
660 4177 830 4237 Antonium
841 4178 866 4252 l,
882 4177 919 4238 2:
938 4179 1002 4256 Ego
1017 4198 1087 4239 cum
1103 4179 1136 4238 in
1151 4179 1264 4240 vestris
1278 4177 1468 4240 orationibus

369 4274 485 4358 (Marci
509 4285 542 4334 et
559 4273 634 4336 Veri
657 4271 807 4344 lratruml
830 4276 959 4354 vestigia
986 4290 1098 4338 nostre
1120 4289 1211 4340 secte
1235 4275 1466 4348 animadverto,
