3212 5326
879 403 943 473 158

401 540 522 604 Gellius
534 540 575 615 X,
592 540 630 602 14
642 562 649 602 ι
666 543 708 602 Μ.
722 537 800 606 Cato
814 562 873 624 pro
886 564 920 604 se
934 557 1045 630 contra
1058 544 1096 606 C.
1109 543 1265 608 Cassium:
1279 545 1383 628 Atque
1395 565 1460 606 eve·

359 641 405 696 nit
420 643 473 712 ita,
492 641 638 721 Quirites,
660 647 705 698 nti
728 645 760 698 in
780 639 838 700 bac
858 643 1054 718 contumelia,
1076 665 1146 728 quae
1167 642 1247 702 milri
1262 663 1320 722 per
1337 639 1463 724 hujusce

356 737 557 814 petulantiam
568 735 692 816 factum
707 743 778 812 itur,
791 743 838 797 rei
849 760 971 824 quoque
982 739 1114 820 'publica³
1132 741 1361 821 mediusfidius
1377 745 1463 800 mise·

359 853 441 905 rear,
454 835 600 918 Quirites,

402 946 564 1009 Plulat'ch.
581 948 650 1011 Cal·
667 971 696 1011 c·
715 932 775 1010 15¹:
790 965 825 1015 Οὐ
840 965 886 1034 μὴν
901 957 954 1015 ott'
966 966 1037 1023 αὐτὸς
1059 967 1082 1016 iv
1094 971 1125 1033 τῇ
1146 965 1257 1034 πολιτείᾳ
1278 970 1362 1034 aspris
1376 965 1460 1030 ἀθῶος,

361 1045 414 1101 ἀλλ’
431 1050 489 1101 ὅπου
506 1047 559 1099 τινὰ
579 1048 654 1111 λοιβὴν
675 1049 799 1119 παροίσχοι
813 1052 861 1108 τοῖς
877 1052 976 1122 ἐχθροῖς,
992 1053 1124 1122 κρινόμενοι
1143 1049 1185 1102 καὶ
1199 1048 1339 1103 κινδιινιύωι
1353 1049 1461 1102 διετέλει.

359 1148 465 1220 Λέγεται
481 1145 530 1218 γὰρ
545 1145 624 1218 ὀλίγον
643 1145 807 1206 ἀπολιπούσας
828 1154 875 1198 τῶν
889 1149 1040 1206 πεντήκοντα
1060 1152 1143 1222 abacis
1163 1146 1244 1216 δίκας,
1265 1149 1321 1218 μίαν
1342 1147 1370 1200 (li
1382 1157 1463 1202 τελευ-

277 1287 279 1294 .
359 1243 429 1296 τοιὶοιν
447 1244 470 1306 li
482 1247 522 1300 ἔτη
537 1242 579 1295 καὶ
593 1241 745 1315 ὀγδοήκοντα
758 1246 873 1316 γεγονώς.
890 1248 932 1298 Ἐν
946 1243 963 1315 ᾖ
976 1247 1058 1300 καὶτὸ
1073 1248 1272 1318 μνημονευόμενον
1288 1241 1363 1300 εἶπεν·
1375 1251 1404 1307 ὡς
1415 1267 1464 1315 χα-

359 1327 431 1380 λεπόν
447 1330 507 1380 ἔστιν
522 1330 544 1379 ἐν
567 1329 645 1386 ἄλλοις
659 1329 793 1392 βεβιωκότα
808 1329 959 1400 eripuissem„
974 1334 996 1384 Is
1011 1334 1089 1392 ἄλλοις
1104 1333 1286 1406 ἀπολογεῖσθαι.

718 1512 770 1573 tt.
794 1533 907 1576 enarro
925 1535 963 1576 nu
983 1533 1103 1575 scenis.

411 1675 595 1738 «Fortassis
615 1688 662 1738 est
683 1677 721 1738 dc
743 1679 884 1740 exulibus
906 1680 1048 1750 Achaiae,
1071 1681 1110 1742 de
1133 1679 1333 1760 quibuscum
1355 1697 1466 1758 magna

361 1773 631 1836 controversiain
651 1789 761 1838 senatu
782 1789 879 1852 esset,
903 1797 1073 1857 exsurgens
1090 1777 1185 1852 cato,
1207 1778 1307 1860 Quasi
1324 1797 1386 1834 non
1405 1779 1462 1851 sit,

361 1864 475 1950 inquit,
487 1872 573 1956 quod
580 1894 724 1952 agamus,
736 1875 912 1936 decidemus
927 1875 974 1936 lzie
991 1891 1090 1936 totum
1102 1877 1185 1936 diem
1199 1877 1239 1936 de
1254 1874 1376 1935 senibus
1385 1895 1464 1954 grte-

361 1968 440 2028 cutis
458 1988 646 2055 querentes,
668 1972 720 2032 bie
737 1997 779 2034 nn
801 1981 834 2034 in
848 1975 970 2036 Achaia
990 1999 1010 2035 a
1030 1977 1252 2055 sandapilariis
1272 1975 1462 2055 effhratttur:

360 2077 465 2128 tamen
485 2069 592 2130 Achaei
614 2069 748 2132 reditum
769 2071 987 2155 impetrarunt.
1018 2074 1179 2134 Plutarch.
1202 2069 1237 2134 in
1253 2071 1325 2134 Vita
1345 2091 1375 2132 c.
1394 2071 1423 2156 9.
1444 2097 1458 2130 ι

358 2161 495 2244 Popmc.
516 2169 617 2230 Etiam
631 2170 665 2230 in
680 2171 741 2232 hac
753 2191 789 2232 re
801 2168 956 2252 Scipioni,
972 2171 1025 2252 qui
1037 2167 1162 2254 Polybii
1176 2189 1270 2232 causa
1284 2169 1407 2230 Achaeis
1420 2187 1465 2230 re-

362 2264 460 2326 ditum
474 2270 646 2332 concedere
657 2270 794 2342 volebat,
804 2268 936 2344 obstitit,
947 2270 1088 2352 quamvis
1098 2282 1223 2350 rogabis
1232 2269 1360 2332 essetab
1373 2287 1422 2341 eo,
1433 2280 1465 2327 nt

362 2361 547 2426 Plutarchus
562 2367 693 2428 tradidit
705 2368 742 2431 ,in
755 2369 832 2446 Reg.
847 2380 879 2430 et
889 2371 1006 2450 Imper.
1019 2367 1262 2450 Apophthegm,
1274 2367 1352 2430 Cato
1369 2389 1400 2428 n.
1413 2365 1462 2428 28.

363 2459 547 2527 Achaeorum
566 2475 669 2524 autem
686 2465 845 2546 principes
861 2465 959 2530 ferme
977 2463 1075 2540 mille,
1094 2477 1129 2526 ut
1147 2485 1165 2528 a
1184 2462 1368 2528 criminibus
1384 2463 1464 2526 inite

363 2579 434 2621 eum
448 2563 564 2625 Perseo
578 2563 738 2628 societatis
759 2587 791 2629 se
812 2582 996 2650 purgarent,
1012 2570 1142 2629 Romam
1155 2567 1279 2629 evocati
1298 2585 1381 2628 anno
1395 2567 1463 2638 588,

363 2669 395 2719 et
406 2655 525 2722 indicta
536 2682 628 2724 causa
640 2662 759 2728 circum
769 2666 940 2748 municipia
952 2677 983 2727 et
994 2663 1131 2727 colonias
1142 2663 1336 2725 custodiendi
1352 2659 1467 2724 dimissi

362 2767 467 2829 erant,
483 2777 542 2819 nec
557 2756 676 2821 reditus
690 2763 906 2842 superstitibus
926 2775 998 2822 ante
1019 2781 1135 2822 annrrm
1151 2761 1212 2823 603
1229 2779 1393 2822 concessus
1411 2770 1464 2820 est.

368 2844 459 2940 [Rem
475 2869 620 2920 accurate
634 2857 778 2921 narravit
788 2859 938 2946 Polybius
950 2859 1050 2934 XXX,
1065 2858 1120 2922 10:
1140 2859 1257 2932 XXXI,
1275 2860 1311 2932 ὃς
1331 2857 1461 2930 XXXII,

365 2954 426 3017 Iet
439 2959 474 3031 93
491 2959 634 3032 XXXIII,
650 2962 663 3021 l
678 2975 711 3023 et
724 2961 773 3023 13.
789 2962 880 3022 Bott.
895 2983 927 3044 p.
946 2955 1035 3049 169]
1059 2961 1126 3024 Ηοο
1144 2945 1241 3040 igitur
1257 2979 1338 3021 anno
1355 2959 1464 3021 oratio·

363 3075 434 3118 nem
445 3057 556 3120 babuit
566 3053 659 3123 Cato.⁸

403 3159 526 3220 Gellius
537 3161 581 3235 ΙΙ,
598 3165 635 3224 6:
652 3164 695 3223 II.
707 3162 785 3225 Cato
801 3164 835 3224 in
852 3160 1006 3236 oratione,
1024 3183 1115 3243 quam
1132 3164 1171 3226 de
1186 3164 1307 3226 Achteis
1321 3158 1464 3245 scripsit·

367 3253 506 3339 Cumque
514 3257 667 3316 Hannibal
675 3273 792 3318 terram
801 3261 928 3322 Italiam
939 3260 1090 3320 laceraret
1097 3278 1188 3345 atque
1199 3276 1340 3322 vexaret.

407 3353 474 3414 Hoc
492 3354 698 3434 fragmentum
716 3377 754 3420 ex
772 3359 931 3424 AaeGelIio
949 3371 1105 3422 mutuatus
1123 3375 1170 3422 est
1186 3357 1326 3424 Macrob.
1339 3359 1462 3422 Satura.

364 3450 417 3526 VI,
428 3453 461 3523 t,
473 3463 566 3534 atque
576 3455 704 3518 Servius
716 3457 754 3518 ad
763 3457 851 3538 Virg.
860 3459 972 3538 Eclog.
985 3459 1038 3534 vt,
1054 3459 1105 3520 76.

294 3644 338 3716 55
606 3649 659 3711 45.
683 3669 805 3726 onarro,
823 3672 862 3712 nn
877 3670 944 3724 Qurs
958 3671 1003 3711 ms
1016 3669 1127 3712 cousuc
1141 3669 1223 3710 rtur.

409 3815 512 3898 Quum
532 3837 599 3882 mos
613 3817 805 3882 invalescere
827 3817 984 3896 coepisset,
1005 3817 1146 3880 eumdem
1165 3815 1266 3880 virum
1287 3814 1356 3896 plus
1375 3811 1468 3880 sanet

368 3912 524 3982 consulari
535 3915 669 3996 imperio
684 3915 834 3988 ornandi,
851 3934 935 3976 anno
951 3915 1011 3978 603
1028 3916 1078 3979 lex
1091 3913 1214 3978 videtur
1228 3933 1268 3976 ex
1280 3910 1467 3982 auctoritate

367 4022 493 4078 unctus
505 4012 586 4085 lata,
603 4032 643 4077 ue
658 4013 728 4094 quis
741 4012 790 4074 bis
804 4012 914 4102 consul
927 4010 1028 4083 lieret.
1054 4010 1133 4075 Illud
1152 4023 1255 4080 autem
1271 4009 1469 4092 optimatibus

368 4112 570 4177 uehementer
579 4127 702 4193 gratum
711 4127 791 4189 erat,
804 4133 846 4176 ne
859 4115 1037 4181 consulatus
1051 4132 1131 4194 sepe
1142 4113 1176 4178 iu
1187 4112 1324 4195 plebeios
1335 4111 1472 4176 homines

369 4211 531 4286 transiret,
548 4215 601 4276 sed
623 4215 706 4278 inter
728 4213 871 4294 exiguum
893 4213 1043 4278 nobilium
1056 4232 1228 4278 ,ιιιιοιοιιιιιι
1246 4203 1469 4280 manderem.
