3218 5320
900 427 970 500 332

424 565 813 646 tortitudinum
831 563 1024 650 temporibus
1038 561 1165 630 Asinius
1178 570 1260 650 apoll
1275 569 1484 636 centumviros
1598 569 1599 580 ³

345 732 350 741 ,
380 669 488 733 halwil
501 671 656 728 orationes
667 689 729 746 pro
748 667 922 730 heredibus
937 667 1088 730 Urbiniae.
1598 677 1599 690 ¹

283 775 353 858 2'14
423 767 506 829 Dial.
523 767 562 826 de
576 778 673 828 oratt.
689 787 721 828 a.
734 764 792 828 382
806 763 931 828 Primus
946 765 1013 826 brea
1028 764 1122 826 tertio
1142 769 1306 830 consulatu
1318 767 1378 832 Cn.
1394 772 1480 832 Pom.

379 865 467 953 peius
477 863 519 948 (a.
529 869 572 933 U.
584 866 658 952 tot)
670 868 828 944 astrinxit,
845 863 1051 949 imposuitque
1064 864 1162 930 voluti
1172 868 1281 930 irenae
1288 868 1480 950 eloquentie,

378 971 550 1044 itatumeu,
562 980 597 1027 ut
608 968 711 1029 omnia
724 966 849 1042 iniero,
862 967 967 1030 omnia
980 962 1112 1045 legibus,
1130 969 1237 1030 omnia·
1246 971 1329 1051 apud
1339 984 1483 1051 pretores

378 1081 577 1149 gererentur,
587 1069 671 1148 apud
680 1085 757 1149 quos
768 1079 883 1149 quanto
893 1065 1146 1149 mojoranegotia
1157 1065 1231 1130 olim
1241 1071 1386 1132 exemeri
1395 1071 1483 1136 solita

378 1171 454 1240 sint,
473 1166 555 1248 quod
567 1165 666 1249 mejrrs
681 1178 899 1245 argumentum
913 1178 1061 1247 estquam
1076 1166 1157 1246 quod
1171 1169 1484 1230 aamoecontumuira-
1598 1171 1599 1200 l

379 1263 439 1340 les,
459 1285 526 1346 que
542 1285 628 1328 nuno
649 1266 785 1348 primum
798 1265 944 1326 obtinent
953 1263 1068 1337 locum,
1085 1264 1162 1325 adeo
1176 1265 1342 1346 splendore
1353 1267 1484 1329 aliorum

379 1360 569 1442 judiciorum
584 1361 811 1437 obruebantur,
828 1375 862 1422 ut
877 1380 978 1441 neque
998 1357 1162 1424 Ciceronis
1174 1379 1275 1443 neque
1289 1361 1421 1426 Cesar-is
1434 1384 1486 1427 ne-

382 1481 442 1542 que
462 1461 553 1522 Bruti
567 1479 669 1542 nequo
686 1456 779 1522 Coelii
793 1477 894 1541 nequo
908 1457 1008 1533 Calvi,
1027 1478 1090 1522 non
1109 1458 1241 1540 denique
1265 1460 1357 1522 ullius
1381 1463 1488 1542 magni

382 1559 518 1630 oratoris
528 1555 610 1619 liber
621 1558 703 1639 apud
718 1557 928 1618 centumviros
942 1556 1044 1624 dictus
1061 1556 1182 1635 legatur
1196 1561 1335 1634 exceptis
1345 1564 1487 1620 orationi·

383 1659 438 1718 bus
454 1663 576 1732 Asinii,
593 1679 662 1742 quae
674 1677 733 1741 pro
758 1655 916 1716 heredibus
945 1655 1090 1716 Urbinioe
1116 1655 1341 1732 inscribuntur,
1364 1658 1406 1718 ab
1421 1665 1487 1737 Ipso,

383 1770 486 1816 tamen
495 1755 638 1816 Pollione
649 1755 759 1823 mediis
767 1755 831 1815 diri
834 1755 969 1833 Augusti
983 1753 1177 1832 temporibus
1190 1751 1316 1828 habitae,
1329 1768 1487 1838 postquam

382 1857 480 1938 longa
499 1871 673 1940 temporum
691 1858 776 1938 quies
798 1869 830 1920 et
850 1859 1032 1920 continuum
1060 1855 1166 1940 populi
1185 1858 1282 1920 otium
1311 1873 1345 1920 et
1363 1859 1487 1925 assidua

383 1959 592 2040 tranquillitas
613 1971 646 2020 et
664 1957 792 2020 maximi
812 1957 965 2040 principis
982 1954 1147 2040 disciplina
1167 1957 1265 2044 ipsam
1281 1979 1403 2050 quoque
1427 1965 1486 2025 elo·

384 2057 555 2137 quentiam,
571 2053 652 2118 sicut
666 2056 727 2118 alia
740 2057 857 2132 omnia,
873 2053 1066 2138 pacaverat?

418 2277 549 2342 atriorum]
567 2275 620 2347 leg.
638 2273 749 2336 iliorum,
768 2273 827 2326 soil.
841 2291 901 2343 qum
918 2271 989 2347 opud
1002 2285 1133 2346 pretores
1147 2273 1257 2328 fiebant.

427 2473 652 2547 Argumentum
665 2468 731 2528 litis
746 2469 847 2547 tangit
862 2467 1074 2550 Quintilianus
1094 2489 1151 2543 vir,
1170 2467 1202 2542 2,
1219 2468 1283 2551 §l,
1296 2469 1313 2531 5
1325 2487 1334 2529 t
1346 2491 1368 2522 s
1379 2463 1426 2524 Ut
1445 2471 1489 2522 etl

386 2569 544 2650 quaesitum
551 2581 656 2626 contra
668 2566 808 2626 Urbiniae
821 2565 960 2636 heredes,
975 2571 1003 2626 si
1015 2572 1053 2640 is,
1065 2573 1118 2652 qui
1127 2568 1363 2653 tanquamfilius
1369 2559 1488 2644 petebat

389 2667 481 2744 bano,
494 2667 627 2748 Figulus
647 2681 738 2740 esset,
762 2687 802 2724 on
817 2665 1002 2746 Sosipater?
1019 2688 1093 2730 nam
1110 2680 1142 2730 et
1159 2667 1333 2730 substantia
1347 2663 1415 2748 ejus
1434 2659 1486 2722 soh

385 2767 491 2832 oculos
504 2765 632 2828 veuit...
649 2765 767 2828 Verum
787 2763 847 2826 hoo
862 2783 981 2846 quoque
995 2784 1092 2843 genus
1105 2763 1169 2828 litis
1183 2785 1223 2826 ex
1236 2760 1398 2846 preterito
1417 2777 1486 2842 pen·

386 2866 451 2940 det,
467 2865 520 2923 An
536 2861 588 2922 iric
609 2867 651 2923 sit
663 2882 706 2922 ex
725 2861 857 2921 Urbinia
878 2877 967 2922 natus
990 2861 1140 2923 Clusinius
1158 2860 1316 2942 Figulus?
1331 2887 1347 2922 i
1363 2875 1487 2937 eamque

387 2959 675 3042 narrat,Spalding.
692 2960 732 3019 ad
754 2979 799 3030 rr,
828 2961 857 3030 l,
885 2958 937 3018 ll.
963 2955 1080 3020 Habuit
1101 2958 1227 3020 Asinius
1240 2957 1274 3020 in
1295 2959 1356 3020 hoc
1373 2952 1487 3038 judicio

388 3059 601 3122 &remuriam
619 3057 804 3132 Labienum,
819 3057 1012 3132 historicum,
1030 3077 1121 3138 quem
1134 3057 1247 3120 irridet
1259 3070 1293 3118 et
1302 3053 1389 3117 iuter
1405 3071 1488 3130 argu·

385 3169 493 3218 menta
505 3154 593 3216 multe
614 3173 712 3215 eauaae
725 3155 825 3236 ponit,
840 3167 877 3214 ut
893 3175 931 3217 ex
951 3152 1147 3238 Quintiliano
1170 3151 1315 3217 disoimos
1325 3172 1372 3226 rr,
1390 3153 1421 3224 1,
1439 3151 1486 3211 ll.

388 3255 584 3336 Quamquam
602 3265 706 3314 eutem
720 3270 784 3316 non
801 3253 883 3316 idem
905 3255 932 3316 is
955 3267 1002 3317 est
1020 3253 1184 3330 labienus,
1201 3254 1254 3336 qui
1267 3275 1287 3316 a
1306 3253 1432 3314 Cerere
1452 3251 1488 3312 ad

388 3353 570 3434 Pompeium
592 3351 814 3432 transfugeret,
830 3373 870 3416 ox
883 3355 992 3428 eadem
1006 3366 1099 3418 uerte
1110 3355 1229 3434 lumilia
1241 3350 1311 3427 luit,
1339 3369 1378 3416 ao
1404 3355 1488 3420 Pou-

387 3453 505 3534 poianoe
520 3446 657 3513 studium
680 3450 822 3514 iectionis
835 3449 1061 3516 hereditarium
1076 3451 1190 3514 tenant.
1206 3454 1233 3516 A
1257 3447 1314 3518 tell
1324 3451 1426 3530 igitur
1437 3467 1487 3530 pe·

387 3563 491 3628 trono,
506 3571 596 3634 quem
607 3550 648 3615 ob
659 3551 866 3632 Pompeianos
878 3551 1004 3634 spiritus
1013 3551 1215 3626 murteum,
1228 3563 1264 3614 ut
1273 3549 1400 3626 Ariuim
1410 3563 1487 3622 erat,

389 3648 489 3710 odisse
510 3647 659 3723 debebat,
685 3646 737 3710 hio
760 3647 920 3730 aptissime
947 3649 1048 3730 potuit
1072 3661 1254 3727 argumenta
1276 3647 1366 3711 nete
1391 3663 1488 3710 ceusu

388 3757 534 3806 mutuam.

430 3845 563 3927 Quintil.
579 3847 648 3920 vll,
664 3847 696 3922 2,
710 3847 769 3909 26:
782 3847 820 3910 ln
833 3844 889 3908 lite
903 3844 1081 3913 Urbiniana
1092 3848 1207 3929 petitor
1220 3845 1307 3922 dieit,
1325 3845 1488 3927 Clusinium

387 3945 544 4023 Figrdnm,
560 3945 667 4027 filium
691 3945 842 4020 Urbiniae,
864 3951 931 4005 aare
944 3950 1038 4018 victa,
1061 3951 1170 4031 inqua
1193 3957 1327 4019 steterat,
1340 3947 1487 4026 firgisser

380 4037 591 4125 jacturamque
605 4042 730 4103 casibus
742 4047 851 4117 narnis,
877 4057 1025 4104 retentum
1051 4047 1144 4104 etiam
1167 4065 1189 4102 a
1207 4055 1291 4123 rege,
1308 4044 1431 4102 tarrdem
1456 4045 1487 4100 in

389 4141 516 4204 [tabam
529 4163 569 4202 ac
579 4147 714 4220 patriam
729 4161 819 4202 stiam
842 4145 1010 4224 Marginos
1031 4145 1156 4204 venisse
1178 4159 1267 4229 atqua
1279 4143 1324 4205 ibi
1337 4146 1486 4223 agnosci.-

389 4240 487 4304 Pollio
502 4253 624 4315 contra,
639 4248 770 4307 servisse
785 4233 856 4305 eum
871 4243 996 4305 Pisauri
1009 4245 1145 4304 dominis
1157 4243 1282 4322 moins,
1299 4244 1484 4306 medicinam
