3212 5326
676 454 741 525 145

191 595 314 659 Gellius
330 595 420 665 XIII,
442 595 477 656 1⁶1
489 619 497 654 ε
518 593 630 658 Oratio
644 607 691 656 est
704 597 747 656 Μ.
762 593 890 657 Catonis
904 589 1041 659 cebsorIi
1054 599 1102 660 De
1115 595 1256 659 edilibus

151 691 230 755 vitio
244 692 371 754 creatis.
394 693 438 753 Er
452 711 490 754 ea
505 693 648 754 oratione
664 692 762 754 verba
773 693 840 755 brec
855 707 945 754 sunt:
962 691 1046 752 Nunc
1060 699 1101 752 ita
1115 700 1208 764 aunt,
1225 700 1256 752 in

152 790 316 870 segetibus,
331 795 363 847 in
377 787 480 848 herbis
494 789 743 868 bonafrumento
757 809 835 850 esse.
852 787 954 850 Nolite
967 789 1012 848 ibi
1025 793 1155 850 nimiam
1170 811 1259 868 spem

152 886 274 946 babere.
290 887 314 946 S
315 905 383 964 oepe
396 887 498 947 audivi
508 891 590 946 ,iuter
598 905 634 945 os
644 899 733 974 atque
743 886 845 972 ruffam
860 885 954 948 multa
964 889 1140 949 imeruenire
1149 907 1241 964 posse
1246 914 1261 964 ‚·
1309 933 1314 952 .

152 1004 332 1046 verumvero
352 989 432 1044 inter
450 985 552 1066 offiim
571 1001 661 1068 atque
680 981 821 1056 herbam,
837 981 882 1042 ibi
895 1004 971 1044 vero
986 983 1112 1064 longum
1125 986 1261 1045 intervol-
1331 1063 1335 1070 Ι

154 1083 217 1146 lum
231 1097 285 1142 est.

189 1215 216 1269 in
227 1215 367 1289 segetibus]
377 1233 438 1268 eum
450 1215 616 1269 frumentum
629 1215 788 1268 sementerit
800 1223 879 1284 etque
892 1213 958 1266 adeo
967 1215 997 1267 in
1005 1215 1089 1268 herbe
1100 1228 1152 1280 est,
1162 1215 1266 1268 fruetus

222 1297 380 1372 jambertus
393 1311 444 1362 est,
459 1317 509 1352 nee
521 1299 637 1371 amplius
648 1316 807 1354 ersneseere
818 1309 917 1370 potest.
937 1297 968 1350 Id
981 1298 1011 1352 in
1023 1299 1072 1352 huc
1085 1299 1204 1352 oratioue
1218 1299 1266 1354 ed·

228 1387 361 1440 dubitarit
372 1399 469 1439 oratur.
489 1386 597 1454 [Statim
610 1387 711 1458 Meyer.
724 1406 731 1438 t
743 1393 772 1438 et
787 1381 816 1438 in
830 1383 923 1444 derbi.
936 1385 1095 1440 PertiouIsm
1107 1385 1268 1440 sustulimus

227 1490 288 1524 eum
300 1469 342 1522 ed.
354 1473 484 1534 Gronov„
500 1469 560 1522 eod.
575 1473 634 1522 Par.
649 1482 676 1523 et
692 1469 819 1525 vincent.
837 1469 977 1522 Rolhuis.:
997 1471 1141 1526 Frumento
1156 1481 1222 1522 sunt
1241 1469 1268 1528 t'n

229 1555 320 1620 berbii,
332 1575 393 1608 euni
406 1555 566 1608 herbescene
579 1553 700 1610 viriditas
713 1555 824 1628 emergit
837 1553 869 1607 de
884 1555 984 1608 semine
998 1568 1102 1619 occat03
1116 1575 1143 1607 v.
1159 1558 1267 1626 Popmn,

229 1645 267 1696 De
280 1641 420 1714 proverbio
434 1661 527 1714 greco,
540 1659 594 1712 quo
606 1639 716 1714 tespicit
727 1641 803 1703 cato,
814 1659 842 1693 v.
852 1645 885 1694 A.
895 1641 969 1698 Geli,
980 1639 1000 1693 l.
1010 1647 1048 1709 e]

201 1769 273 1832 IIaec
283 1767 440 1832 sententia
450 1767 577 1830 Catonis
590 1764 794 1830 invincentii
805 1767 938 1848 Speculo
947 1767 1184 1845 doetrinaiiVI‚
1194 1766 1267 1844 128,

159 1867 348 1934 M.Varroni
361 1867 524 1948 tribuitur,
540 1885 636 1946 eaque
650 1866 809 1948 paululum
820 1863 985 1936 immutata
998 1867 1043 1928 ibi
1052 1880 1172 1934 exstat:
1186 1869 1271 1930 Nune

159 1971 192 2024 in
211 1965 363 2043 segetibus
382 1969 464 2024 aiunt
485 1967 518 2022 in
539 1960 654 2034 berbii,
677 1966 711 2022 in
733 1961 838 2028 herbis
860 1967 893 2022 in
904 1964 1074 2044 frumentis
1095 1964 1173 2025 bona
1191 1982 1269 2030 sunt,

160 2061 258 2128 Nolite
277 2063 321 2122 ibi
340 2067 474 2142 nimiam
494 2081 581 2140 rpem
603 2060 726 2122 babere.
748 2058 842 2140 Soepe
860 2065 963 2122 audivi
980 2067 1108 2124 interos
1126 2080 1156 2126 et
1170 2067 1272 2145 offirm

161 2165 258 2226 multo
275 2169 455 2228 intervenire
471 2183 575 2242 posse.
598 2163 720 2226 Verum
735 2167 816 2224 iuter
830 2162 960 2228 herbam
981 2179 1012 2224 et
1030 2167 1135 2246 ossium
1147 2165 1273 2246 longum

163 2261 354 2322 intervallum
363 2276 421 2322 est.
442 2260 654 2326 Schneiderus
665 2261 693 2322 si
703 2261 912 2336 meminisset,
929 2264 1038 2328 eadem
1049 2261 1147 2326 verba
1160 2271 1201 2326 'ex
1215 2263 1274 2326 Ca·

163 2373 237 2425 tone
251 2376 375 2444 sumpta
391 2364 472 2444 apud
489 2363 530 2422 A.
548 2359 686 2424 Gellium
706 2359 781 2441 legi,
804 2364 843 2426 do
863 2361 1084 2428 emendatione
1104 2364 1188 2428 illius
1209 2363 1273 2428 loct

165 2479 227 2520 nou
251 2456 422 2526 dubitasset
447 2459 482 2520 in
507 2457 735 2522 Dissertationo
760 2461 799 2524 tle
824 2459 891 2530 vitu
915 2473 949 2524 et
971 2461 1098 2544 scriptis
1120 2457 1275 2526 Varronis

207 2661 319 2722 Paulus
340 2659 374 2722 iu
394 2661 536 2744 Epitome
558 2656 661 2724 Festi:
681 2685 696 2716 α
714 2659 852 2722 Nemiru's
866 2662 1007 2740 genitivo
1021 2683 1097 2725 casu
1110 2663 1190 2726 Ceto
1203 2683 1275 2724 usus

165 2771 224 2822 ost.
240 2784 255 2814 ι
268 2760 393 2820 Festus:
411 2781 490 2818 ι....
506 2751 661 2844 [tuende
671 2754 918 2844 magistratibus]
934 2762 1011 2817 vitio
1025 2763 1160 2822 erenu'ss
1173 2757 1274 2818 Nemi.

166 2863 334 2943 nisque...»
352 2857 452 2926 Unois
465 2855 584 2920 inclusa
598 2855 753 2936 supplevit
761 2853 918 2932 Scaliger:
931 2873 1028 2936 qnare
1042 2854 1149 2922 nescio
1158 2877 1199 2919 un
1211 2877 1276 2918 nou

166 2955 271 3040 potius
280 2959 319 3020 de
331 2955 473 3018 sedilibus
484 2959 561 3014 vitio
568 2957 682 3014 ,creatis
689 2953 915 3016 emendandum
925 2953 978 3014 sit.

415 3175 467 3236 33.
491 3189 602 3234 oui-rio
616 3193 653 3232 on
667 3191 770 3234 nusrut
784 3188 831 3232 sur
846 3191 1030 3234 nircum.

192 3389 194 3396 ⁴
214 3360 346 3426 Accedit
366 3361 432 3422 haeo
452 3355 619 3441 inscriptio
640 3377 679 3420 ox
692 3357 836 3420 Eumenii
850 3361 1036 3424 Gratiarum
1059 3357 1183 3421 actione
1195 3360 1277 3423 Con·

171 3457 424 3535 anennoeton,
441 3477 512 3540 esp.
526 3457 584 3521 13:
603 3456 771 3541 «Quinque
786 3477 938 3522 annornm
954 3456 1045 3522 nobis
1058 3460 1178 3541 reliqna
1187 3460 1279 3523 remi·

172 3564 255 3626 sisti.v
280 3561 482 3633 Oiustrum,
510 3557 654 3621 omuibus
676 3553 785 3618 lustris
807 3555 951 3620 felicius!
980 3559 1173 3632 olnstrum'‚
1197 3563 1279 3642 qnod
1304 3547 1349 3651 42'

175 3665 287 3728 merito
300 3665 383 3725 boue
396 3660 524 3744 imperii
539 3660 585 3721 tui
598 3661 733 3741 requivit
750 3664 892 3722 aetatenil
916 3661 1013 3722 Nobis
1031 3679 1106 3740 ergo
1124 3662 1280 3745 precipue

176 3779 207 3828 te
220 3763 396 3848 principem
410 3760 454 3821 dii
472 3771 671 3832 creaverunt,
688 3755 800 3840 quibus
814 3758 943 3838 singulis
955 3760 1021 3821 boeo
1034 3771 1081 3820 est
1095 3773 1169 3821 nata
1181 3759 1280 3825 felici·

176 3877 234 3934 tas,
251 3883 290 3924 ex
303 3879 363 3941 quo
378 3873 412 3920 tu
424 3857 582 3940 imperare
594 3854 730 3938 ooepisti.
743 3855 998 3940 -Quinquennnlin
1012 3869 1066 3917 tua
1080 3854 1172 3918 nobis
1185 3859 1281 3922 etiam

177 3964 315 4046 periente
334 3960 521 4024 eeIebranda
537 3970 627 4019 sunt:
642 3957 697 4018 itta
712 3958 796 4018 enirn
811 3955 920 4038 quinto
939 3954 1110 4039 incipiente
1124 3946 1278 4042 suscepta,

178 4061 321 4124 omnibus
333 4055 457 4142 popuIis
467 4055 539 4139 jure
554 4051 743 4126 eommunia„
760 4053 851 4114 nobis
867 4055 933 4116 hec
948 4055 1088 4136 propria,
1102 4075 1171 4137 qnae
1188 4055 1282 4140 piena

178 4176 261 4226 sunt.
280 4159 442 4222 Proechro
446 4141 554 4240 scitur
570 4157 692 4217 Catonis
706 4159 804 4214 oratio
819 4157 857 4215 de
869 4156 957 4216 lintri
970 4157 1190 4236 szdflelicitate.
1210 4160 1279 4222 Jnm

177 4278 253 4328 tuuc
268 4263 352 4326 enim
364 4263 399 4323 in
412 4261 466 4324 iIIa
480 4273 588 4323 vetere
609 4253 770 4341 republica
784 4257 823 4318 nd
836 4276 999 4320 censorum
1012 4259 1135 4320 laudem
1146 4262 1282 4341 pertine

1076 4389 1110 4444 ¹9
