3288 5344
688 443 734 516 25

167 575 328 657 sexaginta
350 577 531 660 inquinqae
543 575 892 658 tomistsedcumleqes
904 584 1076 658 sexaginta,
1092 579 1172 644 inibi
1192 597 1268 646 suut

167 690 200 740 st
209 675 355 738 Novianos
365 674 566 748 Atellaniob,
579 687 612 736 st
622 673 780 752 Scipionis
787 675 991 748 masnada,
1007 693 1046 738 ne
1055 689 1261 744 tanumerunt

167 771 508 868 nimisatpavesctsn]
991 821 994 828 .
1104 813 1119 848 ,

167 887 169 891 ·
213 874 262 935 19.
287 870 437 934 Africano
447 884 479 932 et
488 871 580 934 Latio
590 883 680 934 atate
693 869 759 934 tere
773 869 961 952 conjunctus
974 869 1093 936 exeunt
1107 872 1176 934 Sar.
1193 877 1259 940 Sul.

161 974 264 1048 pictus
281 969 350 1034 Ser.
374 968 412 1028 F.
438 967 551 1041 Galba,
581 963 794 1032 vetustissimis
808 963 980 1034 nobilitatis
992 980 1086 1046 gente
1108 982 1210 1046 natus,
1225 987 1260 1036 ut
1382 980 1385 992 '

166 1089 233 1150 qum
249 1070 313 1154 jam
328 1065 448 1132 decimo
463 1082 532 1150 post
551 1087 640 1147 reges
659 1079 784 1130 enectos
800 1085 883 1130 anno
906 1070 1063 1132 cumulem
1083 1071 1262 1153 reipublice

168 1169 290 1232 dederit
301 1171 369 1234 Ser.
386 1165 557 1250 Sulpicium
571 1163 780 1232 Camerinum.
798 1165 888 1228 Hanc
904 1167 1059 1243 Galbam,
1078 1169 1170 1232 laelio
1189 1191 1263 1253 pau·

168 1269 216 1328 cis
236 1269 326 1330 annis
345 1267 505 1348 majorem,
521 1269 655 1328 honores
669 1264 860 1346 auspicatum
870 1277 976 1326 censet
990 1263 1115 1344 Pighius
1129 1287 1159 1330 a.
1182 1271 1262 1345 5953

91 1439 94 1444 Ι
165 1365 288 1432 ,aedilem
301 1363 402 1449 posuit
414 1387 434 1428 a
461 1367 534 1438 598,
549 1385 612 1426 non
623 1365 684 1428 alia
695 1381 798 1437 caum,
815 1363 876 1429 nisi
889 1375 924 1424 ut
937 1383 992 1426 sno
1005 1384 1088 1428 atino
1102 1363 1263 1431 rideretur

168 1463 362 1524 cumulatum
373 1465 518 1543 adeptum
536 1464 635 1528 sedeo
649 1458 697 1524 bis
711 1459 901 1541 temporibus
909 1457 1082 1541 probabilis
1096 1461 1196 1525 videri
1209 1485 1263 1548 pe-

166 1575 242 1626 test.
258 1567 420 1627 Pectora.
433 1562 495 1624 602
507 1560 577 1637 fuit,
593 1580 653 1643 quo
666 1559 813 1630 tribunus
826 1559 927 1642 plebis
935 1562 1054 1623 badius.
1065 1561 1144 1625 Cum
1157 1565 1267 1630 deinde

169 1678 345 1746 propraetor
358 1661 525 1728 Lmitaniae
539 1685 558 1726 a
571 1664 716 1728 barbaris
727 1665 861 1744 turpiter
873 1663 969 1738 finus,
983 1665 1037 1725 sed
1057 1676 1160 1727 tamen
1176 1685 1272 1746 gene-

169 1779 241 1822 rose
265 1772 450 1842 provocatus
473 1773 555 1822 esset
575 1761 615 1820 ad
638 1779 756 1841 pacem,
782 1779 839 1840 per
860 1755 1089 1822 simulationem
1102 1759 1175 1824 lidei
1189 1765 1268 1826 datie

170 1873 325 1924 armatum
336 1861 507 1924 exercitum
519 1859 711 1927 multitudini
719 1857 834 1922 inermi
844 1857 1060 1937 circumdedit,
1074 1881 1184 1925 novem
1195 1863 1266 1926 mil·

167 1961 213 2023 lia
227 1957 301 2036 (alii
321 1955 452 2036 triginta
466 1959 565 2022 millia
577 1957 698 2040 dicunt)
711 1953 892 2028 trucidavit,
916 1958 1050 2038 reliquos
1065 1971 1172 2040 captos
1194 1979 1269 2024 ven.

170 2054 264 2120 didit.
278 2055 355 2120 Loci
370 2069 531 2122 auctorum
542 2057 616 2120 satis
631 2053 708 2119 noti.
732 2056 814 2137 Qua'
823 2053 961 2117 foeditate
982 2055 1083 2116 mobis
1095 2057 1131 2118 L.
1149 2057 1274 2122 Scribo·

168 2156 242 2220 nius
255 2153 332 2216 libo
347 2153 422 2216 trib.
449 2157 492 2237 pl.
514 2151 708 2234 rogationem
725 2151 952 2235 promulgarit,
977 2155 1023 2215 uti
1039 2154 1073 2214 in
1092 2155 1270 2222 libertatem

171 2254 426 2326 aestimarentur,
442 2251 543 2334 quiin
558 2252 693 2316 Galliam
704 2252 874 2314 venundati
886 2263 1009 2344 essentq
1026 2271 1118 2332 quam
1128 2254 1163 2314 in
1178 2273 1273 2318 aucu-

170 2350 325 2416 sationsm
340 2353 387 2416 rei
401 2351 543 2434 capitalis
558 2352 654 2416 vertit
677 2351 720 2412 Μ.
736 2350 824 2416 Cato.
847 2349 1018 2434 Respondit
1033 2371 1091 2434 pro
1114 2353 1218 2417 Galba
1235 2353 1270 2418 in

170 2467 282 2516 senatu
294 2455 335 2537 Q.
348 2455 479 2524 ,Fulvius
496 2449 657 2530 Nobilium
674 2453 824 2534 moneto
841 2452 876 2512 in
890 2450 1008 2533 judicio
1021 2453 1179 2516 ambustus
1198 2473 1269 2519 eva·

171 2552 259 2626 serit,
276 2574 316 2618 ex
329 2554 397 2616 Liu.
415 2552 499 2638 Epit.
515 2554 624 2628 xttx,
655 2563 689 2612 et
711 2553 795 2616 Suet.
818 2551 914 2622 Galb.
931 2571 961 2614 c.
988 2553 1006 2615 3
1023 2550 1096 2636 (ubi
1115 2554 1199 2616 conf.
1221 2553 1269 2618 itt·

175 2650 298 2734 terpp.)
320 2647 430 2732 liquet.
447 2651 559 2714 Cicero
581 2661 687 2712 tamen
707 2650 766 2731 Ep.
788 2651 828 2712 ad
840 2653 907 2716 Διὶ.
924 2649 1007 2724 XlI,
1023 2653 1065 2722 5,
1080 2648 1194 2712 dubius
1207 2665 1270 2725 est,

174 2771 250 2814 num
259 2751 385 2814 Libonis
399 2752 519 2830 rogatio
529 2771 558 2812 a.
573 2749 645 2820 604,
659 2750 695 2809 L.
709 2747 841 2823 Marcio,
856 2749 909 2810 Μ’.
926 2749 1052 2812 Manilio
1063 2751 1162 2826 Coss„
1179 2771 1221 2815 an
1232 2755 1270 2814 T.
1396 2788 1401 2797 ·

175 2847 325 2934 Ωιιίιιοῑίο
338 2851 421 2922 stu.
433 2847 535 2914 Acilio
550 2848 633 2910 Cosa.
654 2844 697 2927 (a.
714 2845 789 2932 603)
803 2847 922 2928 prolata
935 2844 994 2908 sit:
1012 2860 1046 2908 nt
1060 2847 1155 2911 etiam
1164 2851 1273 2914 Galba

176 2968 276 3012 annus
289 2948 451 3028 praetorius
469 2967 533 3010 non
552 2946 627 3008 satis
641 2955 745 3006 oerum
764 2944 817 3006 sit.
840 2942 1066 3023 Frequentibus
1087 2960 1191 3010 minen
1213 2948 1273 3009 sul·

177 3042 284 3122 fragiis
307 3041 424 3124 aliquot
450 3042 541 3104 annis
568 3053 638 3123 post
663 3042 856 3107 commatum
879 3041 1009 3124 adeptus
1028 3055 1077 3106 est
1102 3040 1150 3127 (a.
1165 3045 1269 3131 609).

178 3140 310 3224 Quando
329 3137 495 3202 decesserit
516 3150 602 3202 certo
622 3137 775 3220 proefinire
793 3158 855 3200 non
879 3157 1053 3221 pessumum
1081 3160 1145 3204 non
1169 3153 1273 3206 tamen

179 3235 260 3301 vidit
273 3237 315 3296 M.
333 3232 513 3318 Aquillium,
530 3236 565 3294 C.
578 3235 763 3298 Tuditanum
777 3233 877 3310 faa,
895 3235 1006 3316 quibus
1020 3234 1199 3306 uGioerone
1209 3241 1273 3302 col·

179 3335 317 3418 loquium
332 3339 371 3402 de
392 3335 563 3418 Republica
579 3334 718 3398 habitum
733 3331 861 3415 fingitur
879 3334 925 3418 (v.
951 3336 1013 3408 111.
1031 3335 1098 3420 30).
1113 3339 1143 3404 ls
1160 3350 1274 3403 est‘an·

180 3459 238 3502 nus
251 3439 326 3500 sat.

223 3541 325 3613 Hunc,
342 3548 378 3597 nt
388 3536 474 3612 alios,
495 3556 571 3618 quos
587 3533 663 3600 alibi
677 3537 921 3611 memoravimus,
937 3537 1070 3600 olitoris
1083 3559 1209 3619 prorsus
1222 3559 1274 3602 ru·

182 3643 250 3706 dem
273 3640 385 3704 Cicero
407 3635 556 3719 prodidit.
584 3634 694 3726 [Immo
717 3634 797 3716 juris
818 3649 940 3700 tantum
964 3636 1067 3700 civilis
1080 3640 1215 3718 ignarm,
1242 3653 1277 3704 ut

185 3752 317 3824 apparet
338 3759 378 3802 cx
404 3735 428 3802 l.
448 3739 496 3800 De
512 3751 594 3802 orat.
610 3739 645 3813 1,.
666 3737 718 3812 10,
735 3737 787 3800 to.
811 3740 891 3800 aad.
910 3736 954 3800 ib.
978 3739 1028 3814 tt,
1050 3739 1111 3801 239
1133 3761 1179 3823 sq.
1200 3743 1279 3804 We·

185 3855 292 3902 sterm.
310 3859 343 3922 p.
364 3835 432 3929 06.)
454 3834 590 3900 Discedit
601 3838 695 3918 igitur
710 3857 728 3898 a
745 3839 787 3900 dl.
807 3837 924 3902 Catone
941 3851 1068 3902 teneat
1084 3843 1119 3904 Ρ.
1135 3841 1279 3924 Scipione

185 3937 321 4020 Gaioque
335 3939 438 4013 Laelio,
461 3957 590 4018 quorum
601 3938 777 4018 magnitudo
791 3935 893 3999 limais
905 3939 1074 4002 exhilarata
1088 3954 1147 4002 est.
1161 3944 1277 4005 Tamen

186 4040 238 4104 vel
253 4039 372 4104 Grecis
382 4032 536 4116 magistris
552 4036 742 4118 aliquantum
765 4034 858 4098 studii
881 4039 1025 4114 dedant,
1043 4042 1204 4121 ’quod'non
1222 4040 1278 4105 im·

187 4137 350 4218 probabile
359 4134 513 4208 videatur,
526 4133 669 4216 quoniam
690 4157 729 4198 ex
742 4133 903 4200 lactantio
916 4139 993 4198 last.
1009 4137 1047 4214 V,
1062 4139 1112 4215 ll,
1129 4161 1192 4210 aaa
1207 4158 1277 4204 cum

1125 4243 1143 4310 l
