3200 5344
861 425 931 500 252

395 565 493 638 legitur
501 570 599 640 quid...
608 571 736 620 divinitus.
749 565 831 633 [idem
840 564 921 636 paulo
930 564 1118 636 postsaoimus,
1127 563 1318 634 prosariumus.
1333 563 1432 616 Deliae

384 671 446 706 -usu
459 673 516 708 roc.
525 658 593 708 ratio
602 673 628 706 v.
638 655 758 708 Gronov.
769 652 802 706 ud
812 651 841 706 h.
853 651 890 720 1.]

359 765 495 829 adhibere]
508 761 664 816 nolentibus
677 763 805 826 tribuere,
821 761 921 834 largiti.
933 741 1139 826 [AddsSueton.
1150 761 1219 834 Aug.
1231 778 1255 813 o.
1267 761 1313 814 89.
1324 762 1436 834 135ng

662 927 789 998 XLIII.
823 927 866 998 C.
895 927 1093 1001 Memmius.
1127 975 1130 980 ·
1228 901 1243 1004 ,⁴

695 1065 867 1162 [Ellendt.
881 1091 917 1164 p.
928 1066 1061 1164 lisq.]

367 1270 499 1334 Occisus
510 1283 597 1333 esta.
612 1271 672 1334 653
684 1273 876 1336 consulatum
889 1286 1008 1355 petens.

364 1371 433 1434 Cic.
450 1373 538 1434 Brut.
557 1394 587 1436 c.
604 1373 847 1451 36‚136:Tum
868 1375 962 1438 etiam
983 1377 1021 1438 C.
1044 1387 1077 1438 et
1093 1377 1130 1438 L.
1151 1372 1289 1437 Memmii
1309 1373 1431 1436 luerunt

322 1481 464 1534 oratores
478 1471 662 1544 mediocres,
671 1483 869 1536 accusatores
879 1493 969 1536 aeres
979 1487 1074 1554 atque
1081 1471 1201 1536 acerbi.
1218 1473 1328 1552 Itaque
1342 1469 1430 1554 inju-

324 1566 440 1630 aicium
450 1568 563 1652 eapitis
575 1569 687 1634 multos
695 1583 902 1646 vocaverunt,
910 1590 968 1654 pro
979 1570 1043 1633 reis
1057 1589 1123 1634 non
1133 1588 1215 1652 ffipe
1226 1565 1374 1632 dixerunt
1379 1601 1428 1630 .—

322 1667 417 1733 Caius
428 1682 562 1752 quaestor
573 1671 632 1733 luit
642 1692 672 1734 a.
684 1671 759 1750 637,
772 1673 916 1738 tribunus
926 1674 970 1758 pl.
984 1693 1014 1735 a.
1029 1671 1101 1735 ete.

364 1767 492 1831 Sallust.
505 1771 579 1850 Jug.
593 1790 624 1832 c.
635 1771 695 1834 27:
714 1769 751 1834 C:
764 1771 947 1848 Memmius‚'
958 1770 1101 1834 tribunus
1117 1765 1218 1850 plebis
1234 1768 1423 1848 designatus,

266 1883 270 1891 ·
323 1865 374 1928 vir
388 1887 462 1931 acer
476 1882 509 1931 et
523 1867 652 1932 infestus
666 1870 813 1954 potentiae
826 1867 1010 1935 nobilitatis.
1022 1901 1065 1916 —
1079 1867 1116 1931 C'.
1132 1867 1192 1930 30:
1209 1867 1272 1930 Sed
1286 1861 1429 1948 quoniam

323 1984 360 2026 ea
381 1978 563 2050 tempestate
585 1957 728 2033 llemmii
743 1969 889 2033 fecundia
910 1972 997 2034 clara
1016 1969 1196 2054 pollensque
1216 1967 1295 2040 luit,
1320 1969 1430 2031 decere

324 2065 512 2144 existimavi,
524 2089 619 2132 unam
630 2090 669 2132 ex
681 2082 746 2134 tam
756 2069 862 2133 multis
871 2073 1043 2130 orationem
1055 2068 1261 2154 perscribere.

361 2211 452 2272 mam]
462 2225 540 2276 quam
550 2208 589 2260 ibi
600 2208 712 2280 legimus
722 2229 737 2260 a
746 2183 875 2262 Sallustio
884 2210 1067 2261 concinnatum
1077 2226 1135 2279 cap.
1147 2209 1191 2260 31.

368 2334 557 2414 Fragmenta
568 2335 692 2415 quidem
701 2333 851 2400 nonnulla
861 2335 899 2396 C.
911 2333 1049 2398 Memmii
1063 2335 1145 2417 apud
1159 2346 1303 2396 auctores
1315 2351 1429 2396 memo-

327 2443 451 2502 rantur,
467 2433 521 2494 sed
536 2431 715 2513 plerumque
729 2431 807 2494 alius
820 2441 932 2494 orat-or
947 2428 1147 2512 intelligitur,
1165 2431 1219 2512 qui
1230 2442 1339 2514 ,postea
1351 2429 1431 2496 vixit

327 2539 361 2588 et
369 2524 491 2590 Luculli
501 2539 594 2608 atque
603 2527 666 2590 Jul.
676 2527 808 2592 Cresaris
818 2525 966 2592 inimicus
975 2543 1054 2606 erat,
1065 2530 1105 2592 de
1115 2549 1176 2609 quo
1189 2529 1274 2594 inira
1284 2529 1434 2604 dicemus.

329 2644 364 2705 p.
373 2625 446 2688 177.
455 2625 557 2690 Unum
565 2625 746 2688 tantumvel
758 2626 961 2704 duorestaut,
971 2627 1010 2690 de
1025 2626 1135 2708 quibus
1146 2627 1317 2694 verisimile
1328 2642 1384 2704 est,
1398 2647 1433 2689 es

328 2719 418 2803 hujus
433 2719 470 2783 C.
482 2719 617 2784 Memmii
628 2719 822 2784 orationibus
832 2741 900 2786 esse
911 2736 1073 2806 excerpta.

761 2932 871 2976 onusto
885 2933 941 2976 PRO
954 2932 1000 2974 SE.

376 3105 505 3195 Sueten.
518 3103 581 3164 vit.
595 3105 721 3166 Terent.
737 3125 767 3166 o.
779 3104 796 3165 3
807 3123 820 3162 z.
828 3102 871 3184 Q.
882 3099 1045 3166 Memmius
1056 3101 1090 3164 iu
1102 3102 1245 3166 oratione
1257 3121 1315 3186 pro
1326 3121 1360 3164 ee
1370 3101 1437 3164 ait:

328 3204 369 3262 P.
381 3203 564 3282 Afticauus,
576 3207 628 3286 qui
641 3224 662 3262 α
677 3202 993 3284 Terentiepersonam
1009 3217 1174 3278 mutuatus,
1183 3224 1253 3288 qum
1264 3203 1350 3276 domi
1360 3201 1438 3261 luse-

325 3314 379 3386 ¹rar
388 3303 601 3379 r‘psefflomine
612 3300 694 3360 illius
704 3305 734 3360 in
746 3321 871 3362 scenam
882 3303 997 3364 detulit.
1357 3319 1359 3322 ’

369 3435 406 3506 Q.
417 3433 569 3501 Memmius]
583 3434 724 3508 legendnm
739 3435 849 3492 fortusse
861 3437 893 3492 C.
903 3437 1058 3506 Mamurius,
1075 3440 1156 3493 siouti
1171 3436 1290 3492 Ellendt.
1304 3435 1358 3508 jam
1374 3448 1439 3490 ante

402 3541 443 3575 me
454 3534 549 3576 suasit.

239 3647 307 3724 139
375 3599 1439 3729 EjusdemessevtoeturhoousgmenmmPriscian.lttt,l,p.3tt=

333 3744 370 3807 C.
383 3744 560 3806 Memmius:
575 3743 676 3826 Quam
689 3742 775 3802 stulte
789 3744 934 3826 coryleta,
949 3763 1041 3830 quom
1062 3761 1166 3824 aperte
1184 3759 1252 3805 sunt
1269 3742 1442 3804 enemim!

334 3837 474 3908 ἐψευσμένα.
557 3866 560 3873 ·

712 3970 850 4014 nunnius
863 3971 892 4014 Ill
908 3971 1047 4016 unsrun.

379 4144 599 4206 cienena.
615 4146 656 4214 II,
672 4144 730 4205 70:
747 4143 849 4221 Quum
864 4146 999 4219 Scaurus
1015 4099 1198 4210 nonnullam
1211 4144 1343 4207 haberer
1355 4139 1438 4204 invi·-

338 4240 420 4304 tliam
436 4260 472 4302 ex
488 4260 534 4314 eo,
554 4241 633 4321 quod
646 4239 837 4319 Phrygionis
851 4242 1004 4325 Pompeii,¹
1016 4243 1178 4326 loen-pletis
1193 4242 1339 4314 hominis,
1354 4241 1439 4302 boue
