3288 5344
896 395 940 468 38

367 532 572 596 clarissimum
584 545 735 614 questura
748 533 863 596 Asiana
879 535 1094 598 documentum
1107 535 1203 610 dedit,
1229 534 1285 598 sub
1304 536 1346 618 Q.
1362 535 1464 598 1110010

366 643 648 712 propraetoregesta
659 652 689 692 a.
704 633 776 694 632.
792 633 948 713 Quoniam
962 633 1046 695 enim
1060 631 1466 703 00101100,111101011Αο00-

369 734 438 794 nins
451 735 490 794 ad
501 734 575 794 Diu.
592 734 625 795 in
644 733 748 797 cecil.
765 735 848 814 §dl,
868 754 898 816 p.
927 734 987 796 122
1004 735 1053 798 011.
1070 733 1182 808 01011,
1196 747 1410 807 consenserat,
1425 753 1465 796 00

368 831 442 912 quid
452 831 608 914 publicani
619 844 749 910 agerent
761 833 795 893 in
807 832 982 913 provincia,
997 845 1029 896 et
1049 833 1131 894 hanc
1144 831 1294 894 invidiam
1309 832 1465 910 legatione

367 931 636 1012 postconsulatum
648 931 704 992 sub
718 931 817 992 altero
831 933 873 1014 Q.
884 931 1021 993 Scaevola
1035 943 1166 1012 pretore
1177 943 1263 1008 gesta
1276 930 1463 1008 iteraverat,

367 1028 638 1092 innocentissimus
655 1026 790 1094 omnium
815 1027 1035 1092 scelestissimis
1054 1027 1232 1090 hominibus
1250 1047 1357 1108 poenas
1370 1028 1464 1090 dedit.

367 1127 415 1188 De
429 1147 488 1206 qua
500 1147 591 1189 causa
600 1138 668 1210 post
679 1127 877 1190 disseremus.
886 1129 1042 1192 Tribunus
1052 1127 1163 1190 deinde
1176 1127 1275 1208 plebis
1281 1125 1339 1188 fuit
1350 1140 1417 1190 cum
1426 1126 1462 1189 C.

366 1223 471 1284 Flavio
485 1223 624 1285 Fimbria
637 1243 667 1284 a.
682 1224 754 1298 688,
768 1245 851 1286 0000
865 1227 970 1310 priore
979 1225 1116 1306 repulsus
1127 1230 1138 1301 (
1146 1223 1214 1286 Cic.
1227 1225 1337 1286 Plane.
1349 1243 1378 1286 c.
1394 1223 1464 1302 21).

366 1325 462 1384 Errat
481 1324 688 1388 Schneiderus
706 1325 740 1386 in
757 1327 854 1406 Epist.
873 1329 911 1388 ad
934 1328 1134 1406 Langcrum,
1154 1323 1311 1406 premissa
1335 1327 1430 1386 Bruto
1448 1345 1467 1384 a

367 1421 521 1483 Wetzelio
531 1423 624 1510 edito,
642 1442 674 1502 p.
697 1421 835 1496 XXVII,
852 1443 922 1484 cum
935 1424 1094 1486 tribunum
1109 1423 1207 1505 plebis
1222 1444 1251 1484 0.
1269 1422 1342 1493 616,
1359 1420 1467 1502 etjam

366 1519 563 1600 tribunitium
581 1519 663 1582 bello
678 1521 868 1584 Numantino
882 1521 1012 1583 militem
1030 1521 1106 1584 facit
1124 1541 1162 1582 ex
1176 1521 1244 1584 Cic.
1261 1521 1308 1582 Dc
1331 1533 1411 1580 orat.
1434 1521 1466 1591 1,

368 1617 422 1689 40,
442 1615 496 1676 ubi
517 1619 554 1678 P.
571 1619 705 1682 Rutilius
719 1621 762 1680 M.
788 1621 827 1678 F.
847 1619 997 1700 scriptum
1011 1632 1127 1680 exstat.
1147 1620 1318 1680 Praeturam
1333 1637 1362 1678 a·
1388 1617 1465 1690 642,

369 1715 559 1776 consulatum
573 1733 643 1776 cum
658 1716 718 1780 Cn.
734 1718 849 1778 Manlio
869 1703 1047 1792 Maximo'la.
1069 1716 1128 1778 648
1147 1715 1291 1790 obtinuit,
1315 1733 1384 1776 cum
1398 1727 1469 1774 ante

369 1813 444 1874 duos
457 1832 633 1878 annoscum
643 1816 685 1876 M.
697 1815 815 1878 Scauro
826 1827 950 1896 petente
963 1825 1160 1896 comparatus
1173 1813 1328 1894 repulsam
1338 1813 1466 1874 tulisset.

369 1913 436 1972 Hoc
454 1911 537 1972 enim
552 1913 591 1972 ad
608 1913 787 1985 secundum,
804 1933 868 1976 000
883 1913 1018 1994 primum
1035 1912 1147 1976 Scauri
1166 1911 1359 1972 consulatum
1373 1908 1474 1992 perti-3

368 2029 464 2084 0010,
485 2009 572 2092 cnjus
587 2024 725 2092 tempore
745 2012 799 2072 vix
820 2011 1023 2074 tribuniciam
1047 2023 1168 2072 aetatem
1197 2008 1331 2072 Rutilius
1356 2007 1470 2068 habere

367 2107 480 2191 potuit,
498 2107 580 2168 bene
595 2109 723 2186 Pighius
736 2109 870 2170 ostendit
888 2111 973 2170 Anu.
986 2109 1049 2170 vol.
1069 2109 1125 2180 lll,
1139 2128 1171 2188 p.
1191 2106 1262 2168 134.
1279 2107 1317 2166 10
1333 2125 1393 2194 quo
1408 2123 1470 2166 ma·

367 2208 502 2285 gistratu
515 2224 586 2266 cum
602 2205 721 2283 collega
740 2224 758 2264 a
773 2203 1042 2282 Cimbris-ingenti
1052 2215 1157 2282 strage
1168 2204 1252 2264 lusus
1262 2213 1353 2278 00001,
1366 2219 1471 2264 010000

369 2304 468 2364 Italiae
483 2302 623 2384 juniores
642 2313 836 2364 sacramento
860 2301 987 2378 adigere
1006 2300 1118 2382 jussus,
1144 2303 1190 2362 rei
1211 2315 1316 2363 tamen
1331 2299 1472 2378 gerendo

369 2401 533 2462 occasione
548 2401 661 2462 caruit.
683 2402 760 2460 Tum
774 2399 909 2480 primum
926 2409 958 2459 et
972 2398 1011 2458 ab
1025 2398 1085 2460 1100
1100 2400 1225 2460 consule
1241 2399 1359 2462 tirones
1373 2409 1472 2458 artem

369 2517 458 2560 arma
468 2499 622 2560 tractandi
636 2497 860 2576 gladiatoribus
877 2495 1034 2558 arcessitis
1048 2497 1195 2560 didicere.

413 2601 451 2660 ln
462 2597 553 2679 hujus
563 2598 625 2660 viri
639 2599 815 2660 constantia
829 2609 860 2658 et
879 2597 974 2660 animi
988 2598 1201 2680 magnitudine
1217 2597 1381 2670 laudanda,
1402 2595 1473 2660 dum

370 2700 429 2780 ipsi
439 2701 548 2762 similis
555 2699 656 2763 videri
669 2700 766 2782 cupit,
778 2700 811 2760 in
821 2699 931 2780 primis
938 2699 1077 2780 copiosus
1087 2712 1133 2762 001
1142 2699 1270 2772 Seneca,
1281 2698 1362 2779 apud
1371 2717 1471 2778 quem,

370 2814 482 2881 praeter
492 2801 562 2864 1000
577 2800 784 2881 aSpaldingic
794 2801 834 2862 ad
844 2799 978 2882 Quintil.
996 2803 1035 2872 V,
1052 2800 1084 2873 2,
1100 2799 1120 2860 4
1134 2799 1277 2873 00110010,
1300 2817 1331 2858 v.
1346 2797 1470 2860 Consul.

370 2904 409 2964 ad
423 2905 521 2964 Marc.
536 2923 564 2964 0.
579 2902 632 2975 22,
650 2904 697 2964 Ι)0
709 2903 886 2984 provident.
899 2922 928 2962 c.
942 2902 973 2963 3.
986 2903 1031 2963 Ne
1045 2901 1160 2962 frustra
1174 2900 1322 2978 colligere
1333 2911 1473 2962 auctores

370 2999 541 3074 videamur,
559 3000 635 3072 duas
648 3000 798 3060 maximae
812 3017 930 3072 causas,
947 2998 982 3060 in
997 2997 1104 3078 quibus
1119 3011 1261 3060 versatus
1272 3009 1329 3070 est,
1345 2995 1471 3076 judicia·

370 3095 416 3156 les
428 3096 669 3158 consideremus.
685 3095 795 3156 Altera
809 3106 866 3168 est,
884 3095 964 3174 quod
975 3096 1017 3156 Μ.
1030 3095 1180 3156 Scaurum
1191 3094 1384 3172 designatum
1399 3111 1470 3154 con·

371 3194 469 3255 sulem
481 3195 547 3274 ipse
557 3195 694 3274 repulsus
708 3196 746 3254 de
760 3193 878 3254 ambitu
888 3195 1065 3276 postulavit,
1081 3197 1236 3258 referente
1250 3193 1318 3256 Cic.
1334 3196 1368 3256 10
1378 3195 1468 3256 Brut.

373 3316 401 3356 c.
418 3293 469 3367 30,
485 3293 556 3354 113.

415 3395 453 3455 10
467 3415 526 3474 qua
545 3413 637 3454 causa
652 3413 721 3454 cum
735 3408 873 3456 austerus
887 3396 952 3476 ipse
967 3413 1066 3476 neque
1088 3396 1243 3458 blanditus
1258 3396 1400 3476 cuiquam
1424 3395 1474 3455 ad·

373 3511 480 3553 versus
493 3492 649 3552 hominem
661 3490 695 3552 in
709 3491 837 3552 civitate
848 3491 1093 3572 potentissimum
1106 3492 1223 3556 frustra
1236 3492 1418 3566 laborasset,
1435 3489 1474 3550 ab

372 3611 427 3652 reo
439 3589 577 3650 absoluto
591 3607 662 3648 mox
675 3589 813 3650 eamdem
835 3587 988 3650 actionem
1002 3609 1165 3670 perpessus
1189 3601 1246 3650 est.
1271 3591 1309 3650 ln
1321 3589 1380 3650 hoc
1396 3585 1476 3668 peri-

372 3692 441 3750 culo
466 3691 642 3772 repellendo
663 3690 759 3750 100110
776 3687 926 3750 Rutilium
944 3689 1096 3750 industria
1110 3687 1201 3751 luisse
1230 3689 1348 3768 dicunt,
1377 3705 1474 3767 eaque

373 3789 512 3866 gratiore
530 3789 609 3868 quod
624 3787 705 3850 idem
720 3803 865 3866 magnum
876 3807 995 3848 munus.
1008 3789 1047 3848 de
1065 3786 1138 3866 jure
1152 3769 1360 3868 respondendi
1384 3784 1472 3846 susti·

375 3895 476 3944 neret.
497 3884 661 3947 Absolutus
675 3884 771 3962 igitur
779 3885 861 3944 haud
872 3885 966 3944 dubie
980 3896 1012 3944 et
1021 3883 1092 3965 jure
1111 3885 1234 3958 merito,
1249 3886 1330 3964 qnod
1344 3882 1476 3944 01110100

376 3986 410 4046 10
425 4005 494 4046 eum
507 3985 640 4048 conficta
655 4005 772 4048 summa
788 3987 930 4048 veritatis
941 3985 1141 4047 similitudine
1152 3987 1186 4046 in
1202 3997 1412 4048 accusatorem
1427 4002 1475 4044 re·

376 4087 515 4166 torqueri
528 4098 712 4168 potuerunt3
730 4089 809 4168 quod
827 4088 991 4149 advocatus
1007 4087 1117 4148 Rutilii
1129 4086 1314 4151 facetissime
1332 4085 1417 4156 fecit,
1437 4084 1475 4144 C.

377 4183 501 4259 Canius,
528 4204 619 4266 eques
636 4188 723 4249 Rom.
747 4187 856 4247 Exstat
870 4184 985 4248 dictum
999 4184 1067 4248 Cic.
1085 4187 1133 4248 De
1161 4198 1240 4248 orat.
1258 4188 1303 4258 11,
1329 4185 1383 4260 69,
1400 4181 1475 4244 280.
