3212 5326
861 417 928 486 118

344 553 475 619 totidem
490 575 576 638 paene
590 557 729 637 reperias
744 555 940 636 ingeniorum
960 568 1034 638 quot
1053 575 1218 639 corporum
1235 557 1362 618 lormas.
1384 558 1445 621 Sed

345 653 433 716 luere
447 656 583 736 quasdam
598 673 713 734 genera
729 652 855 718 dicendi
870 652 1046 718 conditione
1059 669 1233 737 temporum
1242 651 1442 732 horridiora,

346 751 465 836 alioqui
487 775 630 834 magnam
649 754 715 836 jam
737 752 858 835 ingenii
879 752 944 817 rim
968 775 1032 836 prce
1055 775 1087 818 se
1108 753 1254 818 larentia.
1280 753 1363 819 Hinc
1382 752 1446 818 sint

346 851 448 922 Laelii,
463 855 624 933 Africani,
644 854 772 912 Catones
785 850 881 914 etiam
895 853 1101 934 Gracchique,
1118 871 1194 934 quos
1214 865 1248 914 tu
1265 849 1340 916 licet
1357 854 1447 939 Poly·

345 961 456 1024 gnotos
478 951 529 1012 vel
552 950 698 1013 Callonas
724 951 873 1033 appelles.
901 949 1037 1013 Mediam
1060 947 1146 1011 illam
1166 950 1297 1012 lormam
1321 963 1448 1012 teneant

345 1047 385 1108 L.
401 1049 541 1120 Crassus,
561 1052 601 1132 Q.
617 1052 808 1111 Hortensius.
829 1053 907 1112 Tum
927 1048 1038 1113 deinde
1057 1049 1230 1114 efflorescat
1244 1071 1306 1112 nou
1320 1051 1448 1112 multum

344 1149 430 1210 inter
452 1168 485 1209 se
506 1145 687 1210 distantium
708 1160 849 1231 tempore
871 1163 1030 1210 oratorum
1049 1146 1159 1228 ingens
1179 1160 1362 1230 proventus.
1389 1145 1448 1210 llic

345 1241 410 1306 rim
429 1245 573 1314 cesaris,
595 1242 731 1307 indolem
750 1246 857 1328 ᾂωίἰὶ,
881 1242 1087 1308 subtilitatem
1108 1245 1237 1318 Calidii,
1255 1241 1449 1324 diligentiam

345 1345 517 1415 Pollionis,
538 1343 722 1424 dignitatem
736 1345 902 1420 Messala,
922 1343 1119 1410 sanctitatem
1141 1345 1240 1415 Calui,
1262 1342 1449 1424 gravitatem
1482 1338 1487 1346 ¹

346 1443 452 1510 Bruti,
475 1462 606 1504 acumen
621 1444 767 1522 Sulpicii,
787 1440 991 1506 acerbitatem
1010 1445 1110 1504 Cassii
1128 1441 1333 1526 reperiemus.
1359 1444 1397 1502 ln
1411 1439 1451 1502 iis

348 1555 462 1615 autem,
480 1565 556 1624 quos
570 1542 630 1627 ipsi
644 1542 789 1621 vidimus,
806 1547 927 1630 copiam
941 1545 1079 1620 Seneca,
1091 1546 1175 1608 vires
1183 1546 1340 1626 Africani,
1356 1557 1451 1604 matu·

347 1637 474 1701 ritatem
484 1641 577 1721 Afri,
589 1641 814 1724 jucunditatem
828 1645 945 1723 Crispi,
961 1662 1070 1706 sonum
1086 1641 1245 1719 Trachali,
1265 1637 1450 1720 elegantiam

346 1739 490 1798 Secundi.

389 1837 472 1900 Plin.
486 1837 585 1919 Epist.
598 1841 629 1912 l,
644 1840 703 1902 20:
723 1843 884 1922 Frequens
898 1837 975 1902 mihi
990 1837 1160 1922 disputatio
1174 1849 1224 1900 est
1237 1857 1308 1900 cum
1321 1835 1451 1916 quodam

346 1937 437 2001 docto
451 1935 579 2000 homine
592 1952 625 2000 et
638 1937 752 2021 perito,
770 1939 821 2003 cui
836 1939 915 2003 nibil
930 1960 1014 2022 aeque
1027 1937 1061 2000 in
1076 1937 1179 2002 causis
1193 1937 1322 2016 agendis
1334 1947 1368 1996 ut
1380 1935 1449 1996 bre·

279 2033 320 2104 16
345 2032 426 2096 vitas
444 2036 557 2117 placet.
583 2038 684 2120 Quam
699 2059 757 2118 ego
773 2037 1004 2102 custodiendam
1026 2056 1097 2100 esse
1121 2035 1283 2110 confiteor,
1306 2030 1334 2096 si
1355 2053 1449 2095 causa

347 2134 520 2220 permittat.
538 2135 598 2198 llic
607 2135 659 2200 ille
670 2159 791 2203 mecum
800 2137 1039 2204 auctoritatibus
1054 2134 1130 2217 agit,
1144 2157 1182 2200 ac
1192 2133 1271 2200 mihi
1282 2131 1451 2198 exGrrecis

347 2233 505 2298 orationes
524 2237 631 2313 Lysice
655 2251 805 2313 ostentat,
829 2259 869 2302 ex
890 2236 1007 2301 nostris
1023 2235 1235 2300 Gracchorum
1256 2236 1449 2315 Catonisque,

349 2355 478 2415 quorum
501 2355 576 2396 sane
597 2335 738 2418 plurimae
758 2353 831 2400 sunt
851 2343 1044 2399 circumcisae
1066 2351 1099 2399 ct
1120 2336 1248 2398 breuess
1270 2353 1328 2413 ego
1347 2333 1452 2416 Lysiae

349 2433 608 2508 Demosthenem,
634 2437 817 2496 AEschinem
828 2481 839 2508 ,
864 2439 1059 2516 Hypen'dem
1083 2438 1256 2516 multosque
1279 2447 1451 2517 proeterea3

350 2531 501 2592 Gracchis
514 2545 546 2596 et
564 2535 672 2594 Catorzi
681 2535 866 2610 Pollionem,
887 2537 1056 2608 Caesarem,
1077 2535 1219 2605 Caelium,
1233 2535 1267 2594 in
1280 2529 1391 2614 primis
1401 2528 1449 2590 M.

354 2627 491 2686 Tullium
502 2649 635 2712 oppono,
649 2629 737 2712 cujus
750 2633 851 2694 oratio
862 2628 980 2714 optima
990 2631 1091 2693 lertur
1102 2651 1181 2706 esse,
1195 2649 1262 2710 quae
1271 2624 1418 2690 maxima.

392 2727 521 2791 Servius
536 2733 575 2792 ad
585 2729 673 2810 Virg.
689 2733 761 2794 AEn.
771 2734 845 2807 Vll,
859 2733 938 2796 256:
959 2757 973 2787 a
992 2733 1082 2795 Facit
1096 2743 1169 2794 ante
1183 2731 1312 2791 deorum
1325 2744 1454 2788 comme·

348 2829 572 2902 moraliorem,
595 2826 676 2892 sicut
695 2827 790 2893 etiam
810 2827 844 2890 in
866 2827 1010 2893 omnibus
1024 2831 1149 2893 Catonis
1167 2822 1362 2889 orationibus
1380 2818 1453 2900 legi-

348 2949 459 2990 mus.»
481 2931 569 2991 ldem
588 2931 628 2992 ad
647 2931 718 2992 AEn·
737 2929 796 3005 XI,
818 2929 898 2991 301:
916 2930 1079 3010 Praefatur
1092 2931 1199 2989 diros.-
1214 2929 1302 2988 More
1315 2924 1451 3003 antiqno.

350 3029 430 3092 Nam
451 3029 586 3111 majores
608 3030 724 3091 nullam
739 3027 925 3100 orationem,
950 3026 1012 3090 nisi
1026 3027 1180 3092 invocatis
1197 3021 1387 3096 numinibus,
1409 3018 1454 3081 in·

350 3124 527 3186 choabant:
545 3123 625 3187 siout
640 3139 712 3187 sunt
726 3145 835 3187 omnes
850 3121 1010 3187 orationes
1027 3127 1152 3186 Catonis
1170 3136 1203 3186 et
1217 3121 1360 3184 Gracchi.
1377 3122 1453 3182 Nam

351 3220 497 3296 generale
513 3233 605 3301 caput
619 3218 653 3282 in
669 3217 812 3282 omnibus
826 3217 967 3299 legimus.
984 3225 1076 3290 Unde
1086 3219 1199 3286 Cicero
1215 3215 1342 3302 (Dirin.
1360 3237 1388 3278 c.
1403 3214 1452 3300 13)

349 3333 409 3401 per
423 3311 602 3376 irrisionem
614 3313 677 3376 ait:
690 3318 726 3377 Si
739 3319 813 3402 quid
825 3338 868 3377 ea
882 3333 987 3384 vetere
1001 3320 1105 3403 aliqua
1118 3322 1266 3386 erutione,
1276 3317 1386 3377 Jovem
1397 3331 1453 3391 ego

339 3417 498 3491 ,optimum
513 3418 696 3474 maximum.
1362 3471 1364 3483 .

358 3559 360 3564 ,
393 3512 463 3576 Huc
474 3510 614 3595 pertinet
624 3513 668 3586 id,
681 3514 761 3594 quod
770 3515 913 3577 Valerius
925 3535 1045 3597 quoque
1056 3515 1139 3575 Max.
1150 3515 1184 3575 in
1196 3511 1329 3590 Prologo
1340 3509 1450 3572 refert:

350 3613 461 3681 Prisci
471 3630 609 3675 oratores
622 3615 663 3672 ab
675 3615 752 3676 Jove
766 3616 890 3694 Optimo
903 3619 1051 3680 Maximo
1066 3614 1142 3677 bene
1155 3619 1219 3675 orsi
1230 3627 1309 3674 sunt.

395 3716 531 3778 Velleius
542 3719 570 3790 l,
586 3716 623 3777 17
636 3735 644 3776 τ
658 3715 766 3780 Oratio
778 3737 814 3780 ac
825 3717 875 3779 ris
885 3717 1019 3780 lorensis
1032 3715 1267 3800 perlectumque
1282 3731 1383 3795 prosae
1396 3707 1454 3771 elo·

352 3809 485 3892 quentiae
499 3817 608 3889 decus,
633 3825 667 3874 ut
681 3811 764 3875 idem
778 3827 940 3897 separetur
954 3815 1029 3874 Cato
1049 3811 1145 3897 (pace
1164 3814 1203 3874 P.
1222 3813 1326 3872 Crassi
1343 3807 1454 3885 Scipio·

353 3914 462 3990 nisque
475 3927 507 3974 et
515 3913 609 3975 Laelii
619 3929 652 3976 et
665 3911 876 3974 Gracchanum
885 3927 918 3978 et
927 3915 1043 3974 Fannii
1051 3926 1084 3975 et
1094 3915 1167 3975 Ser.
1180 3912 1290 3975 Galbae
1299 3904 1452 3985 dixerim),

354 4006 399 4071 ita
412 4009 557 4071 universe
576 4010 631 4070 sub
646 4007 789 4092 principe
809 4013 913 4093 operis
934 4009 983 4073 sui
1005 4006 1110 4091 erupit
1123 4009 1241 4078 Tullio,
1256 4018 1292 4068 ut
1305 3996 1455 4068 delectari

355 4119 428 4168 ante
441 4129 512 4170 eum
525 4107 731 4190 paucissimis,
750 4107 862 4171 mirari
877 4131 955 4177 vero
970 4112 1131 4174 neminem
1146 4111 1256 4191 possis,
1274 4102 1337 4169 nisi
1351 4117 1404 4168 aut
1417 4099 1456 4162 ab

354 4203 409 4268 illo
420 4205 532 4281 visum,
546 4222 599 4271 aut
610 4208 663 4291 qui
675 4207 761 4272 illum
772 4207 898 4271 viderit.
