3288 5344
711 425 755 496 33

192 561 232 622 ah
246 562 314 642 ipso
340 579 404 634 non
432 561 566 624 additum
588 582 627 624 cx
642 561 711 626 Cic.
737 564 783 626 Dc
797 567 920 628 Insunt.
939 567 965 641 1,
984 567 1023 630 13
1037 569 1289 658 edocentur.Qui

192 658 352 722 Ciceronis
365 659 439 720 libri
460 655 487 720 si
503 659 635 722 absoluti
650 674 763 736 essent,
780 663 895 726 certitas
908 665 947 726 de
966 664 1026 728 hac
1040 687 1130 732 eausa
1148 669 1289 751 judicare

192 756 313 818 liceret.
325 754 376 817 Sic
389 755 514 818 etiamn
530 757 739 820 Demosthene
751 757 799 820 De
814 777 878 824 cor.
896 779 927 822 c.
943 760 996 838 to,
1009 781 1041 842 p.
1061 764 1120 826 110
1130 768 1178 828 ed.
1191 769 1287 837 Beira.

194 853 275 936 (239
289 858 406 931 Reisit.)
424 857 599 938 exemplum
609 859 833 942 sumpsit‚quod
846 858 915 924 sine
930 860 1055 926 nomine
1068 863 1173 928 addito
1188 883 1288 934 exuat

193 956 249 1030 lv,
270 955 440 1036 34.Quare
450 952 644 1032 adducimur,
656 973 690 1018 ut
703 969 873 1030 oratorum,
890 958 1027 1038 quiante
1041 959 1176 1035 inerant,
1191 985 1291 1030 exon.

191 1054 243 1135 pis
262 1054 448 1132 redintegra
469 1054 628 1129 nonnulla,
653 1054 704 1116 vei
718 1055 878 1116 immutata
895 1067 928 1117 et
942 1056 1120 1122 imitatione
1130 1079 1289 1141 expressa,

193 1151 234 1216 ab
255 1153 392 1214 Auctore
415 1162 538 1216 retenta
556 1171 622 1214 esse
637 1153 813 1226 credamus;
837 1171 905 1232 qam
918 1149 982 1214 suis
996 1173 1123 1234 quaque
1137 1157 1214 1220 locis
1227 1157 1293 1224 diii·

192 1261 304 1328 genter
317 1246 504 1309 notabimus.
519 1250 634 1312 Verum
648 1251 688 1310 ad
696 1251 877 1314 Gracchum
894 1251 1068 1314 redeamus.

237 1346 287 1408 25.
313 1343 413 1424 igitur
423 1348 463 1410 ad
474 1347 621 1428 populum
634 1358 707 1429 post
718 1359 902 1426 quaesutram
915 1349 1006 1410 dixit.
1022 1348 1179 1414 Tribunus
1192 1353 1294 1432 piebis

194 1464 224 1512 a.
254 1443 314 1506 666
338 1445 421 1522 teges
444 1463 497 1506 eas
522 1444 604 1516 tulit,
630 1440 739 1524 quibas
758 1455 823 1508 tota
845 1441 957 1506 ciuitas
973 1446 1231 1526 permisceretur;
1258 1451 1293 1514 iu

193 1552 304 1634 primis
324 1552 499 1630 agrariam,
526 1541 764 1610 frumentariam
792 1557 826 1608 et
845 1565 912 1627 quse
941 1551 997 1598 κατ’
1012 1544 1095 1614 ittam
1104 1550 1291 1632 Sempronia

194 1645 340 1712 Ciceroni
352 1646 468 1713 dicitur
490 1647 525 1708 in
545 1645 618 1708 Vrr.
636 1643 674 1715 V,
691 1644 742 1721 63,
759 1639 852 1704 Catil.
876 1644 901 1717 1,
929 1645 978 1718 11,
991 1647 1053 1708 Pro
1067 1643 1179 1708 Rahir.
1195 1650 1285 1730 perd.

194 1769 223 1812 o.
240 1751 260 1812 4
275 1761 307 1812 at
325 1751 359 1812 11
378 1775 387 1809 c
411 1751 465 1812 uo·
479 1749 508 1806 si
519 1745 585 1826 quis
599 1745 794 1822 magistratus
805 1743 843 1802 de
855 1749 956 1821 capita
968 1749 1041 1808 civis
1058 1742 1174 1826 iujtusu
1185 1747 1293 1825 popuii

186 1834 381 1918 judicasset,
398 1839 437 1896 de
457 1832 527 1916 ejus
542 1840 643 1913 capita
661 1838 767 1915 populi
779 1854 860 1901 esset
874 1841 1113 1906 animadversio.
1138 1845 1240 1926 Quam
1251 1845 1294 1908 ie·

193 1959 266 2019 gent
274 1940 309 2002 in
324 1943 361 2004 P.
373 1935 540 2020 Popillium
558 1939 715 2000 masten
726 1941 812 2018 quasi
829 1941 1026 2020 privilegium
1040 1943 1135 2008 latam
1145 1965 1213 2008 esse
1223 1962 1295 2010 cos·

194 2054 267 2114 stat,
288 2038 341 2121 qui
354 2039 463 2104 consui
481 2038 516 2100 in
533 2038 581 2100 Ti.
604 2038 743 2102 Gracchi
757 2041 873 2104 amicos
886 2038 1005 2106 acriter
1016 2043 1208 2122 qumsiaerat.
1227 2049 1295 2126 lpse

195 2143 292 2205 etiam
315 2139 475 2224 Popillius,
498 2138 656 2202 continuis
676 2140 816 2204 Gracchi
829 2141 865 2204 iu
881 2153 991 2206 senatu
1003 2156 1036 2206 ct
1057 2161 1116 2225 pro
1144 2141 1295 2209 concione

195 2241 368 2304 maledictis
381 2242 550 2312 laceratus,
573 2237 751 2318 priusquam
773 2237 809 2300 in
825 2237 876 2318 jas
896 2253 1078 2313 vocaretur,
1096 2239 1174 2304 urhe
1189 2245 1294 2307 cessit.

195 2345 313 2406 Eodem
337 2361 421 2404 anno
448 2341 548 2418 legem
569 2336 710 2402 Anicium
736 2339 776 2400 de
797 2337 993 2421 Cappadocia
1015 2340 1183 2406 heredibus
1205 2343 1294 2406 reati.

154 2519 157 2528 Ι
194 2447 309 2508 tuenda
317 2443 474 2506 dinuamt.
488 2435 637 2522 Sequenti
649 2458 732 2502 anuo
743 2459 814 2504 cum
824 2439 861 2504 G.
875 2439 1029 2505 Fannium
1043 2441 1165 2524 dejectu
1173 2443 1211 2504 L.
1222 2442 1296 2526 Opi·

195 2541 257 2604 mio
271 2542 428 2604 consulem
442 2534 575 2610 iecisset,
590 2536 723 2599 nondum
737 2535 867 2600 cedente
876 2549 984 2600 scnstn
999 2535 1119 2618 judicia
1129 2539 1169 2600 ad
1177 2540 1297 2619 equites

195 2640 351 2702 Romanos
365 2633 537 2708 transtulit,
560 2631 796 2713 provinciarum
820 2633 1077 2700 conferendarum
1088 2634 1141 2718 jus
1162 2637 1294 2711 minuit,

194 2737 352 2816 sociusque
365 2737 496 2800 ciuitate
512 2731 663 2813 promissa
677 2726 740 2792 suis
754 2730 893 2808 partibus
906 2731 1075 2798 conciliare
1084 2735 1211 2804 studuit.

237 2839 339 2919 Quam
351 2837 454 2914 legem
478 2831 617 2894 Fannius
630 2829 697 2909 ipsa
711 2827 862 2892 nobilium
877 2849 1040 2904 consensu,
1057 2835 1138 2913 quod
1151 2853 1190 2898 ex
1202 2837 1297 2898 Bruto

196 2957 226 2998 o.
240 2937 292 3009 26,
309 2931 670 3015 quamvtsaissimutante
684 2925 848 3002 Cicerone,
871 2929 946 2994 licet
957 2928 1075 3006 videre,
1095 2945 1218 2996 coactus
1239 2935 1298 2998 dis·

196 3032 305 3104 suasit,
320 3029 371 3092 vel
384 3029 485 3110 potins
497 3045 552 3090 suu
566 3043 621 3088 ore
634 3024 775 3106 protulit,
796 3041 863 3105 qua
878 3025 1096 3092 disertissimus
1109 3029 1296 3111 qnisquam.

196 3124 308 3188 biliam
319 3127 354 3187 in
367 3130 463 3192 uuam
470 3120 643 3186 oraticnem
655 3121 847 3210 contulisset.
859 3123 957 3200 [eges
966 3123 1168 3190 Gracchanas
1176 3146 1296 3202 omnes,

196 3247 290 3308 qnam
303 3223 374 3288 fieri
393 3235 505 3308 potest,
517 3223 699 3296 restitutas,
721 3222 847 3300 Pighius
866 3223 1007 3286 exhihuit
1023 3226 1138 3290 huual.
1155 3227 1295 3303 1111.111,’

196 3343 228 3405 p.
244 3323 281 3386 61
304 3343 372 3403 sqq.
387 3323 422 3386 et'·
433 3321 473 3384 ts
485 3339 554 3400 sqq.
570 3320 607 3380 ln
620 3318 679 3380 huc
699 3315 925 3384 tribunatuvix
935 3320 1018 3384 diem
1030 3321 1132 3399 faisse,
1154 3341 1213 3404 quo
1234 3343 1314 3390 non·

198 3419 249 3480 vei
262 3438 304 3484 :se
323 3418 512 3491 defenderet,
540 3416 592 3478 vel
612 3411 754 3480 inimicos
775 3415 941 3482 lacesseret
954 3418 1127 3493 Gracchus,
1147 3421 1298 3502 suspicari

197 3513 495 3596 iacilcpcssumus...
514 3512 595 3576 26...
618 3503 670 3598 [V.
687 3511 726 3572 ir.
743 3531 776 3591 p.
793 3507 958 3599 116·128.]

241 3615 293 3678 21.
313 3617 366 3676 De
388 3615 534 3682 Graccho
553 3625 680 3676 oratore
699 3611 751 3674 uix
774 3612 930 3696 discrepat
950 3628 1110 3680 auctorum
1132 3615 1295 3696 judicium.

198 3715 317 3776 Praeter
326 3715 521 3796 Diophanem
537 3713 633 3774 aliurn
642 3710 765 3774 dicendi
779 3712 959 3790 magistrum
967 3714 1112 3781 hahuism
1124 3717 1298 3783 Menelaum

198 3811 299 3874 fertur
311 3811 527 3874 Marathenum
540 3807 626 3891 (Cic.
644 3797 735 3872 Brut
746 3827 776 3872 c.
794 3809 940 3892 26‚100).
955 3814 1065 3876 Artem
1074 3812 1239 3890 diligenter
1251 3815 1297 3880 di-

200 3908 314 3974 dicisse
325 3925 360 3976 et
376 3911 550 3976 orationem
570 3929 609 3972 aa
622 3929 660 3974 ea
683 3921 857 3989 temperare
878 3911 1002 3982 scivisse
1015 3912 1048 3974 in
1064 3913 1171 3996 primis
1190 3911 1243 3978 illa
1255 3918 1296 3978 de

198 4010 324 4074 homine
347 4011 492 4086 fistulam,
513 4011 587 4074 dum
602 4007 843 4072 concionaretur
859 4011 1044 4085 Gracchus,
1072 4012 1203 4076 inflante
1223 4035 1295 4078 nar·

201 4111 283 4176 ratio
295 4114 495 4190 demonstrat„
511 4121 602 4192 quam
613 4121 727 4192 prater
743 4110 811 4174 Cic.
828 4113 966 4178 Deerat.
978 4115 1038 4190 111,
1053 4118 1106 4190 60,
1123 4117 1197 4194 225,
1213 4119 1296 4182 unde

201 4229 255 4274 sna
265 4213 401 4276 hausisse
414 4214 585 4276 credendus
593 4211 749 4274 Plutarch.
767 4211 800 4272 in
813 4209 885 4274 Vita
897 4233 925 4274 c.
941 4214 1044 4299 2113,
1060 4217 1199 4282 Valerius
1210 4219 1291 4282 diss.

1013 4331 1019 4348 ⁸
1082 4333 1097 4383 6
