3288 5344
861 451 896 504 tt

326 593 371 646 ex
382 567 616 666 recognitione
622 587 702 642 mea
705 567 994 662 fragmentorum
1009 564 1201 648 Ciceronis,
1215 585 1320 662 quam
1335 579 1430 664 p'ost·

327 715 370 764 ea
384 707 467 760 eum
485 687 618 761 Orellio
636 700 775 775 nostro,
795 686 872 758 viro
894 685 1104 774 clarissimo,
1120 686 1268 760 editioni
1282 689 1358 785 ejus
1373 690 1430 762 in.

327 817 522 901 serendam,
544 815 812 894 communicavi.
831 815 889 886 Sic
907 814 1049 886 tandem
1063 811 1228 886 collectio
1247 831 1428 894 oratorum

328 937 591 1038 qualiscumque
606 951 688 1008 nata
700 951 767 1024 est,
783 960 895 1032 eaque
911 937 1020 1032 prima
1036 952 1110 1024 est3
1130 937 1224 1034 quod
1237 937 1320 1009 ideo
1334 964 1428 1035 prae·

328 1067 420 1149 dico,
449 1063 544 1161 quod
563 1066 715 1162 primum
729 1065 899 1162 quodque
922 1064 1119 1162 perieulum
1139 1065 1281 1144 'facilius
1294 1067 1331 1141 in
1347 1093 1429 1144 omn

218 1257 224 1270 ,
328 1211 367 1259 re
389 1187 529 1262 reniam
560 1193 664 1284 atqu'e
692 1187 944 1283 indulgentiam
972 1189 1161 1284 impetrare
1193 1188 1311 1260 debet.
1344 1192 1432 1269 Nam

328 1332 458 1413 praeter
472 1315 618 1388 Catonis
638 1319 830 1406 orationes,
851 1341 940 1428 quas
955 1318 1140 1428 Ausonius
1156 1321 1287 1414 Popma
1305 1320 1433 1390 smne

329 1465 449 1537 querae
470 1465 566 1512 anno
589 1441 680 1514 1620
703 1441 811 1512 edidit
835 1457 871 1512 et
891 1441 980 1512 Lion
999 1463 1111 1537 nuper
1133 1441 1314 1536 Gottingae
1337 1441 1428 1512 1826

329 1567 484 1639 secure*
501 1568 653 1663 repetiit,
677 1583 795 1640 cetera
813 1565 1008 1662 fragmenta
1036 1591 1218 1664 nunquam
1237 1592 1353 1664 usque
1373 1568 1433 1643 ad·

329 1687 401 1758 hue
417 1702 505 1758 sunt
518 1703 702 1782 rongesta.
721 1689 942 1784 Quamquam
960 1703 1079 1758 autem
1090 1690 1144 1760 Μ.
1171 1689 1319 1759 Porcius
1339 1689 1428 1760 Cato

328 1813 512 1884 maximam
529 1813 595 1884 sibi
612 1812 759 1909 gloriam
776 1814 870 1884 inter
881 1829 1045 1886 oratores
1057 1814 1213 1910 priorum
1228 1811 1428 1887 seculorum

328 1943 537 2038 peperisset,
566 1941 655 2015 adeo
684 1957 723 2012 ut
749 1943 900 2037 optimus
928 1956 1061 2048 orator,
1090 1941 1242 2037 optimus
1273 1956 1429 2027 senator,

329 2069 486 2164 optimus
507 2070 699 2166 imperator
720 2070 977 2155 nominaretur,
994 2070 1205 2140 exstiterunt
1221 2085 1339 2143 tamen
1358 2071 1430 2165 jam

327 2209 409 2266 ante
424 2219 504 2266 eunt
520 2193 623 2264 multi
634 2194 715 2280 viri,
733 2217 881 2289 quorum
898 2194 1079 2266 orationes
1096 2195 1200 2264 etiam
1216 2209 1320 2264 aetate
1335 2194 1430 2278 Livii

327 2321 551 2418 legebantur,
574 2336 611 2393 et
633 2321 727 2390 inter
749 2319 901 2418 aequales
925 2336 1021 2391 tanta
1039 2320 1227 2394 illustrium
1248 2337 1429 2402 oratorum

292 2439 295 2448 ’
329 2443 430 2540 eopia
442 2441 520 2530 fuit,
537 2457 576 2512 ut
587 2442 632 2512 ad
644 2443 883 2536 cognitionem
897 2444 1194 2538 prestantissimae
1209 2444 1318 2541 partis
1334 2443 1427 2516 Lati·
1455 2465 1458 2469 ·

328 2593 456 2642 narum
479 2569 658 2640 literarum
674 2569 868 2664 fragmenta
882 2593 1005 2640 eorum
1024 2593 1096 2642 non
1123 2571 1263 2666 possint
1283 2586 1431 2666 praeter·

328 2697 430 2768 mitti.
456 2698 612 2768 Fuerunt
629 2720 755 2768 revera
776 2697 870 2793 apud
895 2699 1076 2768 Romanos
1097 2695 1240 2792 plurimi
1255 2713 1427 2784 oratores

329 2839 366 2894 et
379 2846 423 2894 ex
437 2821 510 2894 hoc
524 2820 704 2894 literarum
717 2846 847 2918 genere
866 2821 977 2894 multo
993 2819 1094 2918 plura
1107 2820 1304 2893 edebantur
1323 2848 1429 2920 opera

328 2977 431 3050 quam
445 2978 490 3025 ex
508 2952 665 3050 reliquis.
687 2953 854 3024 Novimus
864 2953 961 3024 enim
975 2967 1120 3024 eentum
1140 2967 1176 3022 et
1192 2951 1311 3046 viginti
1326 2954 1427 3050 quin-

328 3101 396 3173 que
422 3091 596 3161 oratores‚
615 3077 677 3170 qui
699 3075 878 3144 orationes
901 3073 1049 3170 scriptas
1068 3072 1306 3170 reliquerunt,
1329 3075 1428 3171 isque

328 3222 501 3272 numerus
509 3197 608 3270 facile
621 3197 789 3293 duplicari
799 3214 932 3294 posset,
944 3199 974 3270 si
983 3196 1064 3270 libri
1073 3201 1284 3296 superstites
1294 3216 1427 3286 essent,

329 3321 391 3417 qui
412 3317 599 3392 ,historiam
614 3317 792 3390 literarum
810 3335 871 3390 aut
892 3321 978 3392 artis
1003 3321 1168 3392 oratoriae
1191 3321 1332 3418 proprie
1347 3335 1427 3412 tra-

329 3443 486 3516 ctabant.
504 3444 579 3538 Ego
593 3467 735 3540 quoque
752 3442 870 3541 plures
884 3468 1069 3516 recensere
1085 3447 1289 3539 potuissem,
1307 3446 1336 3514 si
1347 3467 1429 3516 eon-

324 3571 473 3663 jeeturae
489 3565 599 3660 magis
616 3590 718 3662 quam
736 3567 934 3638 auctoritati
949 3564 1125 3637 confidere
1141 3567 1342 3664 voluissem,
1363 3567 1428 3638 sed

330 3693 420 3788 elegi
436 3717 498 3765 eos
517 3679 834 3788 tantum‚'quorum
852 3692 894 3764 de
915 3690 1135 3764 orationibus
1152 3709 1249 3764 certa
1266 3707 1427 3764 veterum

330 3829 530 3902 testimonia
540 3824 734 3898 exstabant.
751 3828 863 3898 Omisi
875 3829 981 3924 igitur
994 3853 1095 3924 paene
1109 3829 1238 3900 invitus
1248 3831 1421 3901 Caesarem
1448 3825 1456 3837 ’

367 4041 379 4065 *
394 4045 460 4096 Vide
474 4063 608 4098 censuram
622 4064 705 4128 meam
722 4045 748 4096 in
764 4045 850 4096 Jahnii
861 4043 938 4097 Novis
952 4046 1087 4099 annalibus
1103 4049 1183 4110 1831,
1197 4047 1287 4098 latoio.
1305 4064 1340 4107 ts,
1356 4061 1417 4112 pag.

333 4121 454 4192 lllltqq·
