3246 5340
681 439 745 508 371

159 599 210 642 sas
229 589 372 658 agentem
393 573 512 640 acriter
526 589 559 638 et
579 577 741 650 ardenter,
766 592 825 636 nec
844 571 946 634 minus
965 569 1060 653 polite
1082 582 1115 630 et
1137 583 1259 646 ornate,

159 680 225 741 sive
248 677 397 739 meditata
417 678 483 740 sire
498 675 600 738 subita
625 674 791 756 proterret.
820 673 940 734 Adsunt
953 681 1062 733 acuta
1081 667 1263 753 crebraeque
1288 654 1358 726 253

155 775 326 850 sententiar,
338 773 443 854 gravis
457 786 489 836 et
502 775 616 836 decora
633 768 825 860 constructio
839 817 850 843 ,
865 769 1011 832 sonantia
1024 766 1123 830 verba
1135 782 1167 831 et
1182 765 1265 833 auti·

159 892 232 954 qua.
253 871 366 936 Omnia
387 872 452 932 haec
467 867 548 932 mire
562 870 698 952 placent,
728 888 797 932 eum
817 868 935 950 impetu
950 866 1081 946 quodam
1095 876 1128 926 et
1140 863 1266 928 flumine

161 971 390 1052 provehuntur,
417 969 554 1050 placent,
578 967 605 1028 si
625 977 851 1028 retractentur.
873 963 994 1028 Senties
1016 963 1097 1044 quod
1110 980 1179 1042 ego,
1195 983 1266 1022 cum

161 1072 318 1127 orationes
331 1063 403 1148 ejus-
413 1071 446 1124 ιἰι
459 1086 568 1126 manus
582 1068 761 1143 sumpseris,
781 1084 857 1144 quas
870 1062 961 1124 facile
975 1057 1117 1135 cuilibet,
1134 1079 1267 1142 quorum

158 1182 207 1230 est
220 1167 355 1242 aemulus,
369 1165 572 1248 comparabis.
590 1166 676 1227 ldem
690 1159 839 1228 tamenin
849 1162 980 1224 historia
993 1161 1053 1224 tibi
1067 1160 1164 1240 magis
1178 1163 1265 1222 satis·

158 1267 254 1330 laciet
267 1265 318 1330 vel
334 1267 488 1330 brevitate
502 1267 553 1328 vcl
567 1265 720 1327 suavitate
730 1263 782 1326 vel
796 1263 964 1346 splendore
976 1258 1072 1324 etiam
1083 1276 1115 1325 et
1125 1259 1265 1324 sublimi·

161 1380 225 1428 tate
241 1363 404 1428 narrandi.
419 1367 498 1427 Nam
518 1361 552 1425 iu
565 1361 769 1426 concionibus
784 1348 903 1438 eadem,
920 1380 987 1443 quse
1005 1359 1039 1422 in
1057 1355 1265 1430 orationibus,

161 1468 210 1530 vis
224 1481 270 1532 est
283 1489 291 1528 τ
306 1465 444 1551 pressior
457 1479 561 1530 tamen
577 1479 608 1528 et
622 1463 891 1546 circumscriptior
903 1477 936 1526 et
945 1460 1117 1526 adductior.

196 1601 346 1670 Pompeiam
358 1599 436 1667 Sat]
455 1599 488 1652 ad
498 1598 620 1651 eumdem
632 1597 777 1669 Epistolad
789 1595 852 1648 libri
864 1596 876 1646 l
890 1595 989 1666 scripta
1009 1607 1061 1660 est,
1071 1608 1100 1649 et
1108 1594 1141 1659 V,
1153 1597 1183 1658 ὓς
1198 1596 1247 1646 Vll
1259 1631 1266 1656 ,

232 1685 245 1734 l
260 1695 287 1735 et
300 1684 340 1743 lb,
360 1681 408 1747 IX,
425 1683 469 1736 38.

410 1877 539 1950 CXIV.
567 1877 609 1946 Τ.
638 1871 775 1944 Flavius
801 1873 1034 1945 Domitianus.

206 2109 359 2172 Priscian.
387 2109 442 2182 Vl,
466 2109 497 2184 l,
518 2103 874 2189 permonuimus
899 2109 931 2162 in
956 2117 1061 2166 senatu
1078 2126 1137 2184 pro
1153 2125 1209 2166 se:
1230 2105 1269 2164 Ut

160 2226 292 2286 prosper
311 2205 434 2264 dicendi
456 2225 612 2266 successus
636 2202 805 2264 ostenderet
822 2216 852 2260 et
873 2201 1043 2260 aasddorum
1064 2201 1270 2265 benevolentia

163 2323 304 2365 crescere
318 2303 481 2362 dicentum
486 2301 683 2381 facultatem.

201 2438 380 2505 Demittaaus]
400 2437 438 2489 sic
458 2435 612 2491 Putschius.
634 2434 728 2487 Krelrl.
747 2433 832 2486 edidit
845 2433 1019 2486 Donatianus.
1043 2425 1113 2488 Cum¹
1130 2448 1218 2487 autem
1238 2434 1271 2487 de

235 2525 384 2579 Donatimo
392 2523 462 2576 nibil
470 2522 579 2576 omnino
587 2522 712 2588 sciamus,
722 2539 772 2574 nse
784 2521 912 2574 lirehlius
926 2521 1028 2592 aliquid
1038 2521 1072 2574 de
1084 2521 1226 2585 construit,
1242 2523 1271 2572 in

234 2612 322 2684 priorc
337 2610 451 2664 lectione
473 2607 696 2680 acquiescendum
714 2625 773 2660 esse
785 2609 888 2678 putari,
911 2609 1058 2678 praesertim
1081 2628 1142 2664 cum
1160 2608 1270 2663 aliunde

159 2749 162 2758 ,
234 2711 339 2766 quoque
355 2705 448 2746 notum
468 2692 504 2744 sit
521 2690 652 2744 crationes
671 2687 811 2757 reliquisse
832 2689 1016 2759 imperatorem
1029 2690 1221 2744 Domitianum.
1240 2693 1271 2742 ln

235 2775 311 2828 Suet.
331 2775 388 2829 vit.
407 2773 509 2824 Domit.
528 2791 553 2824 c.
569 2775 603 2826 20
621 2771 733 2842 legimus
750 2766 902 2824 :Liberalia
922 2771 1011 2824 studiis
1030 2770 1216 2844 imperit't'ru'ttb
1229 2793 1272 2826 ne-

234 2862 335 2935 gtesit,
351 2876 507 2932 quamquam
520 2855 681 2911 bibliothecas
702 2857 814 2911 samua
832 2859 981 2930 absumptas
994 2857 1176 2930 impensissime
1191 2879 1268 2931 repa-

236 2965 296 2997 rare
314 2950 442 2996 curasset.
464 2944 607 3013 Nunquam
625 2949 710 2994 tamea
729 2948 779 2994 aut
799 2937 914 2993 historio?
932 2941 1117 2996 carmrirs'busoe
1139 2941 1271 2998 nascende}

234 3049 337 3102 operam
349 3029 431 3083 ullam
443 3035 493 3083 aut
500 3027 562 3082 stilo
572 3027 616 3081 vet
621 3026 762 3081 necessariis
771 3025 854 3080 dedit
862 3027 969 3080 Proeter
976 3031 1166 3083 commentarios
1176 3039 1203 3084 ct
1212 3037 1273 3084 acta

238 3113 333 3167 Tiberii
348 3115 460 3168 Caesaris
473 3110 540 3166 nabit
548 3111 694 3172 lectitabat,
707 3110 830 3184 ept'stolas
851 3111 1029 3184 oratdrrtesque
1040 3121 1069 3166 et
1084 3115 1171 3168 edicta
1188 3115 1272 3167 aliem

229 3199 362 3270 fomadat
380 3194 489 3270 mgaub,
509 3195 630 3249 sermonis
644 3202 729 3248 tamen
748 3216 793 3250 aaa
810 3192 973 3268 inelegantis,
993 3195 1119 3252 ds'etorum
1139 3199 1269 3252 cistertium

236 3281 316 3332 ettam
325 3277 483 3332 notabilium.
499 3281 554 3332 Nec
565 3277 766 3352 praetereundus
784 3289 826 3334 sst
839 3280 907 3332 alter
919 3279 1007 3344 locus,
1027 3283 1073 3352 qui
1093 3282 1191 3336 ibidem
1204 3283 1271 3356 legi-

240 3376 285 3416 tur
302 3365 374 3436 (cap.
390 3368 405 3418 2
418 3384 424 3416 ι
437 3364 446 3430 )
459 3363 618 3434 Defunctum
635 3361 773 3433 (fratrem)
793 3363 866 3414 nulla
876 3370 1056 3434 praeterquam
1076 3363 1272 3420 consecrareris

238 3445 329 3498 bonon
346 3443 470 3519 dignaatus
485 3463 551 3516 soepe
570 3451 648 3497 ettam
664 3444 763 3516 carpsit
774 3445 882 3514 obliquis
901 3444 1059 3498 matronibus
1071 3453 1099 3498 et
1116 3445 1226 3498 eds'ctt's:
1241 3466 1274 3499 cx

237 3551 292 3602 quo
305 3533 363 3586 loco
374 3532 504 3585 Krausius
517 3533 546 3586 in
559 3532 628 3584 libro
638 3533 801 3599 Desoatibus
814 3531 938 3586 Suetonii
946 3553 973 3606 p.
988 3535 1038 3596 79,
1051 3534 1183 3586 orationes
1199 3539 1267 3587 aDo

239 3616 348 3668 mitiano
359 3615 464 3687 colligit
473 3615 580 3668 relictus
595 3615 689 3681 fuisse,
705 3615 804 3685 quibus
823 3613 904 3668 fuerit
920 3633 985 3668 usus
996 3615 1142 3669 Suetonius
1152 3617 1181 3669 iu
1195 3637 1272 3670 enar-

241 3703 325 3756 randa
338 3701 393 3754 vita
400 3701 575 3772 imperatoris.
597 3702 777 3768 [Parisienses
789 3719 895 3772 quoque
909 3701 986 3758 codd.
1014 3703 1193 3773 antiquissimi
1204 3723 1272 3776 prae-
1299 3689 1303 3699 ¹

240 3785 306 3838 beat
322 3783 495 3840 Dorsatiaaus.
515 3787 549 3842 Et
569 3797 640 3843 recte
656 3785 761 3840 videtur
777 3788 999 3850 Westermannus
1014 3807 1044 3858 p.
1062 3788 1113 3844 279
1136 3787 1168 3840 de
1186 3790 1274 3844 Domi-

243 3869 309 3922 tiani
323 3872 429 3925 nomine
439 3867 589 3921 dubitasse:
605 3869 670 3946 quid
679 3871 750 3923 enim
763 3871 908 3942 Imperator
919 3887 971 3939 pro
988 3889 1015 3923 sc
1028 3871 1058 3926 in
1072 3883 1167 3924 senato
1178 3871 1273 3944 loque-

241 3955 334 4006 retur?
347 3957 426 4008 Unus
440 3952 499 4006 cod.
516 3971 560 4025 sp.
581 3953 722 4007 Krehlium
735 3953 910 4021 aarum]

199 4081 323 4148 prosper]
343 4077 484 4149 legendum
493 4094 641 4150 prosperos,
664 4078 736 4148 quod
757 4080 887 4132 Prisciani
906 4091 1046 4132 contextus
1066 4079 1192 4152 postulat.
1222 4083 1274 4145 [lu

239 4157 346 4212 exordio
358 4159 414 4212 brec
427 4159 498 4214 dieta
510 4178 568 4214 esse
581 4161 716 4222 videntur,
735 4163 772 4214 ita
784 4161 891 4232 quidem
905 4183 913 4213 r
928 4165 964 4214 tu
971 4161 1092 4233 prosperi
1099 4162 1203 4216 deeuti
1212 4183 1274 4214 sua-

240 4263 328 4298 ccssus
348 4247 509 4304 alcadrsnt
526 4247 586 4322 (rel
603 4247 799 4320 ostenderunt),
810 4249 958 4308 wittorum
974 4249 1146 4309 bcmvckntia
1162 4269 1273 4304 crescere
