3218 5320
862 457 932 529 384

378 592 517 664 repudiata
536 596 662 659 censura]
682 591 856 661 Symmachus
874 590 1059 644 consentiente
1080 599 1175 642 senatu
1189 603 1327 640 1111111111
1341 585 1448 638 dissua-

411 678 455 731 det
468 677 574 730 restitui
588 697 596 728 ι
609 689 674 728 tunc
690 677 762 728 enim
779 691 841 728 enm
853 676 1046 747 magistratum,
1060 676 1107 743 qui
1116 669 1173 742 jem
1183 671 1286 724 dudum
1295 688 1353 722 esse
1362 670 1449 721 desie-

414 773 466 822 rat,
476 762 605 831 integrare
618 755 794 812 conabantur.
808 759 888 810 Gont.
898 760 1025 812 Crourer.
1045 755 1135 825 Antiq.
1151 755 1229 806 Rom.
1241 755 1255 823 §
1269 755 1330 816 110,
1345 773 1373 824 p.
1388 755 1448 804 lt't.

413 843 485 914 Aug.
499 842 588 894 Maius
601 841 634 894 de
647 841 796 913 abroganda
802 859 915 896 1111111111
922 841 1021 894 dixisse
1030 838 1216 910 Symmachum
1228 836 1297 888 falso
1304 835 1451 888 existimat.

415 927 514 996 [Paulo
529 941 591 999 post
598 927 657 983 cod.
668 934 820 998 tempestate
829 934 947 980 resecato
957 934 1007 990 cst,
1023 945 1072 997 pro
1085 927 1202 999 νήσω]

384 1069 502 1154 Symm.
518 1068 671 1133 Minervio
684 1065 750 1151 (tv,
769 1067 823 1153 45)
834 1091 841 1128 :
854 1065 982 1131 Fiducia
993 1067 1071 1129 mihi
1081 1067 1146 1129 stili
1156 1078 1248 1147 atque
1256 1063 1376 1146 ingenii
1390 1065 1454 1125 mei

345 1167 428 1230 nulla
442 1182 512 1228 est:
531 1169 585 1227 sed
601 1180 653 1227 tua
668 1165 846 1244 benignitas
866 1184 957 1226 ausus
974 1184 1059 1226 meos
1079 1176 1239 1244 provocat.
1264 1158 1334 1222 Misi
1352 1157 1453 1240 igitur

344 1268 384 1330 ad
398 1267 604 1331 eruditionem
619 1279 704 1328 taam
724 1269 799 1327 duas
811 1265 1022 1327 oratiunculas
1034 1276 1168 1333 nostras,
1183 1275 1313 1344 quarum
1333 1276 1398 1322 nna
1411 1264 1456 1319 ad

341 1367 469 1448 Polybit
477 1369 583 1450 fllium
597 1368 759 1451 pertinens
779 1387 817 1428 ex
835 1366 957 1428 11111111
980 1365 1105 1444 negotio
1115 1377 1190 1427 nata
1204 1373 1263 1436 est,
1281 1361 1456 1424 1111111111-

345 1466 429 1536 dum,
446 1485 517 1526 eum
527 1479 580 1526 res
588 1467 623 1526 in
633 1461 722 1528 curia
733 1466 916 1542 agitaretur,
935 1473 953 1524 a
975 1477 1024 1524 me
1038 1475 1160 1544 parate,
1181 1477 1263 1523 nunc
1282 1475 1379 1544 opere
1393 1461 1457 1522 lar-

345 1558 434 1640 giore
447 1575 539 1624 aucta
557 1562 717 1644 processit.
745 1557 825 1622 Huic
839 1572 1057 1639 argumentum
1072 1573 1120 1622 est
1138 1559 1296 1636 repudiata
1311 1577 1454 1630 censum,

346 1682 439 1743 quam
455 1674 530 1724 tunc
545 1664 639 1724 totius
655 1674 779 1725 senatus
798 1659 916 1740 fugavit
930 1661 1109 1724 auctoritas.
1134 1659 1212 1720 Volo
1227 1659 1366 1732 mireris,
1383 1677 1455 1736 gra·

346 1761 507 1825 vissimum
527 1765 670 1825 ordinem
691 1759 904 1843 magisterium
926 1761 1089 1844 respuisse.
1117 1759 1154 1820 ln
1183 1754 1326 1822 oratione
1347 1772 1456 1820 nostra

347 1883 410 1924 non
425 1864 624 1924 levescausas
638 1861 763 1923 evitatae
774 1858 866 1942 hujus
880 1859 1040 1942 potestatis
1050 1855 1204 1921 invenies.

382 2024 459 2090 'noet']
478 2023 536 2076 cod.
553 2022 642 2094 Vulgo
656 2022 741 2075 deest.

382 2141 523 2215 repudiata
529 2147 657 2210 censura]
676 2143 766 2194 eudem
779 2155 821 2194 est
831 2142 1005 2214 intelligenda
1022 2143 1116 2206 oratio,
1130 2141 1163 2194 de
1178 2159 1230 2212 qut
1243 2159 1324 2211 supra
1343 2140 1394 2200 tv,
1408 2141 1455 2202 29,

419 2227 495 2280 dixit.

391 2375 508 2458 Symm.
524 2377 769 2459 Euprani0(1V‚
787 2377 848 2461 64)
867 2398 875 2436 :
892 2378 956 2440 Nec
967 2389 1089 2438 tantum
1099 2377 1247 2458 epistolas
1256 2375 1371 2458 poscis,
1385 2395 1458 2436 ora-

349 2474 504 2537 tiunculas
518 2491 639 2556 quoque
656 2488 787 2546 nostras,
805 2478 943 2538 nondum
960 2477 1019 2539 tibi
1033 2479 1142 2550 editas,
1161 2477 1278 2542 deterri
1294 2479 1329 2539 in
1345 2498 1461 2540 manus

349 2584 418 2633 toas
430 2563 590 2654 praecipis3
606 2588 673 2652 que
687 2590 738 2634 res
752 2571 876 2634 videtur
889 2572 1063 2649 ostendere,
1082 2573 1155 2656 quid
1163 2567 1276 2654 judicii
1290 2573 1406 2637 habeas
1417 2578 1458 2638 dc

350 2669 402 2744 iis,
424 2687 500 2752 quas
518 2681 592 2732 ante
611 2668 778 2754 sumpsisti.
806 2665 876 2733 Misi
901 2671 997 2752 igitur
1018 2693 1056 2734 ex
1073 2669 1303 2738 recentioribus
1325 2695 1457 2738 numero

254 2744 324 2828 266
351 2769 501 2853 quinque,
518 2789 650 2849 quorum
671 2765 751 2828 mitri
761 2767 827 2850 jam
842 2762 986 2833 fiduciam
1007 2763 1082 2832 iecit
1096 2767 1239 2852 publicus
1252 2771 1353 2834 favor.

388 2928 397 2948 '
408 2926 518 2978 nondum
531 2922 690 2990 tihc'edt'tas]
712 2923 772 2975 cod.
787 2922 877 2994 Vulgo
889 2922 1038 2994 refragante
1048 2924 1181 2975 sententia
1190 2903 1253 2987 lotii,
1263 2943 1311 2976 non
1322 2923 1420 2978 editas.

387 3041 479 3116 'mitiJ
493 3047 552 3100 cod.
563 3045 651 3120 Vulgo
664 3050 720 3110 unt,
732 3043 765 3098 de
780 3064 834 3116 qua
846 3045 959 3098 lectione
968 3048 1092 3116 Meyerus
1104 3068 1112 3098 .·
1126 3069 1139 3095 1
1150 3047 1273 3100 similiter
1284 3048 1357 3100 aede
1366 3050 1458 3102 eadem

423 3130 534 3186 fortasse
547 3131 665 3184 oratione
674 3132 703 3184 in
711 3127 761 3204 Ep.
773 3129 785 3182 7
800 3124 909 3182 libriin
922 3125 1058 3200 loquitur:
1072 3129 1143 3202 Cape
1156 3127 1254 3205 sc'qurit
1259 3133 1291 3186 ab
1299 3153 1355 3204 rep.
1369 3154 1456 3198 vacas,

422 3214 612 3266 muraenulam
623 3220 747 3276 destrunt,
762 3207 839 3285 cujus
847 3207 949 3264 edenda
952 3209 1086 3284 flduetam
1097 3205 1170 3269 favor
1182 3211 1274 3265 esitium
1284 3213 1367 3266 dedit.
1380 3241 1388 3261 .

393 3368 515 3450 symm.
537 3367 699 3430 Theodoro
714 3368 771 3440 (V,
788 3368 827 3438 9)
841 3385 849 3426 1
869 3367 985 3428 Vereor
999 3365 1183 3445 eloquentie
1199 3378 1256 3430 tuse
1270 3368 1389 3450 scripta
1403 3383 1458 3430 no·

353 3479 418 3529 stra
436 3465 642 3536 committere,
658 3462 713 3524 sed
727 3481 791 3524 non
806 3462 907 3524 minus
922 3479 1019 3526 caveo
1031 3463 1130 3524 amori
1145 3477 1201 3527 teo
1213 3481 1355 3530 meorum
1368 3467 1455 3546 quid·

353 3589 446 3648 quam
458 3587 584 3646 negare.
601 3567 686 3628 Duas
698 3565 793 3646 igion
804 3562 1017 3628 oratiunculas
1027 3584 1127 3646 nuper
1137 3567 1361 3630 editoesnebis
1373 3567 1452 3629 misi.

354 3668 471 3744 Earum
489 3685 551 3730 uuo
575 3665 615 3726 ad
635 3665 772 3728 urbanos
790 3665 888 3728 fasces
906 3665 1111 3728 resultantem
1125 3664 1227 3730 tenuit
1241 3668 1467 3741 candidatum,=

355 3762 448 3826 alteri
462 3773 679 3841 argumentum
691 3762 775 3824 dedit
787 3760 986 3844 iampridem
999 3763 1126 3826 decreto
1140 3775 1267 3826 senatus
1279 3760 1455 3846 improbata

356 3870 496 3921 censore.
515 3861 580 3922 Sed
588 3858 738 3942 judicium
748 3877 861 3933 meum,
882 3877 953 3922 eum
966 3877 1017 3922 res
1029 3872 1100 3924 acto
1114 3873 1173 3933 est,
1190 3857 1332 3925 habitum
1344 3883 1454 3944 propn-

354 3957 428 4038 gavi
443 3977 537 4039 opere
547 3956 694 4036 largiore.
716 3959 781 4020 Nee
795 3957 871 4018 mihi
885 3956 962 4019 vitio
972 3971 1079 4020 vertas
1089 3958 1200 4040 prisete
1218 3957 1393 4022 severitatis
1409 3981 1455 4022 re·

356 4059 487 4142 pulsam.
514 4060 594 4122 Nam
615 4055 752 4140 quedam
772 4057 845 4120 solis
866 4055 1005 4140 speciosa
1024 4055 1213 4135 nominibus,
1235 4080 1292 4122 usu
1312 4073 1344 4122 et
1367 4082 1454 4142 expe·

356 4161 469 4224 riondo
483 4155 650 4246 plurimum
670 4175 794 4226 nocent.
814 4161 962 4224 Rationes
979 4163 1142 4225 sententies
1158 4182 1234 4224 mere
1247 4162 1349 4226 lector
1368 4161 1452 4224 inve·

358 4279 434 4321 mes.
