3200 5344
660 473 731 545 219

174 605 331 672 Mummius]
352 619 473 677 expecta
490 605 539 658 boe
552 626 585 658 an
604 625 637 659 ex
650 619 752 660 oratore
768 622 921 686 sumptum,
931 615 1033 680 ignoro.
1048 611 1079 662 L.
1099 613 1244 666 Mummius

213 689 234 740 is
246 701 295 752 cst,
311 689 357 759 qui
366 687 497 742 Achaicus
507 689 605 745 dieitur
616 690 747 751 Corintho
764 689 862 755 deleta,
874 692 970 746 consul
987 712 1012 744 a.
1031 695 1061 743 U.
1074 693 1135 746 tot.

507 828 588 898 XX.
617 829 679 926 Sp.
710 827 874 947 Albinus·
905 893 914 910 .

156 1062 160 1071 ,
179 989 247 1057 Cis.
265 991 354 1052 Brut.
371 1008 400 1054 c.
418 987 471 1064 25,
490 989 551 1054 94:
568 990 670 1056 ttrrttae
684 1005 757 1063 sont
769 992 822 1074 sp.
842 989 951 1060 albim
969 997 1138 1068 ornatores.

179 1085 262 1150 Ptin.
287 1088 327 1151 tt.
342 1087 382 1148 N·
399 1084 514 1168 XVllA
538 1085 583 1148 6:
601 1089 727 1170 Nequeo
741 1085 817 1156 milti
838 1101 1028 1172 temperare,
1056 1109 1116 1172 quo
1142 1091 1244 1157 miuus

137 1209 232 1272 unum
256 1191 431 1272 exemplato
454 1191 653 1274 antiquitatis
675 1194 815 1272 meram,
839 1215 878 1261 es
897 1215 959 1280 quo
981 1192 1116 1276 intelligi
1134 1195 1243 1275 possit,

137 1288 216 1369 aput
225 1287 369 1370 populum
379 1289 474 1354 etiarn
487 1287 666 1356 desultoris
675 1291 789 1372 agendi
800 1311 919 1358 morem
932 1293 1038 1366 luisse,
1050 1291 1245 1374 qualiterque

135 1383 257 1464 delendi
269 1383 353 1478 soliti
369 1385 494 1456 aintilli
510 1385 584 1453 viri·
600 1384 638 1453 C·
658 1387 772 1452 Furius
781 1386 943 1466 Orestam
962 1408 981 1452 c
995 1385 1147 1452 servitute
1167 1383 1242 1450 libe·

136 1483 385 1559 ratus‚cnn1in
407 1506 508 1570 parvo
527 1487 690 1556 admodum
711 1489 812 1570 agello
835 1487 988 1570 largiores
1008 1487 1105 1553 multo
1125 1487 1245 1554 [ructus

138 1582 317 1668 perciperet
341 1607 440 1668 quarn¹
454 1607 493 1648 ex
517 1585 713 1668 amplissimis
732 1588 902 1662 vicinitas,
933 1585 966 1650 in
989 1587 1107 1652 invidia
1131 1607 1244 1667 magna

136 1699 215 1758 erat,
232 1707 290 1748 ceu
303 1687 410 1770 iruges
426 1687 546 1754 alienas
560 1689 724 1774 pelliceret
736 1679 910 1756 veneficiis.
930 1688 1171 1776 Quamobrema
1185 1687 1240 1764 Sp.

136 1781 252 1846 Albino
266 1785 365 1848 curuli
379 1785 431 1850 die
444 1783 540 1860 dieta,
557 1800 698 1852 metuens
717 1785 961 1866 damnationem,
984 1805 1054 1848 cam
1076 1785 1110 1846 in
1132 1783 1240 1846 suifra-

134 1880 218 1958 gium
229 1880 330 1949 tribus
339 1893 500 1963 oporteret
510 1883 572 1960 ire,
582 1884 823 1948 instrumentum
833 1881 984 1958 rusticum
994 1902 1086 1949 omne
1097 1877 1132 1948 in
1142 1881 1242 1946 lorum

135 1980 256 2052 attulit,
277 1993 317 2072 et
329 1981 457 2044 adduxit
476 1981 625 2046 familiam
646 1983 781 2046 validam
799 1994 904 2064 attpre,
929 1994 965 2047 ut
984 1979 1032 2048 eit
1050 1979 1136 2056 Piso,
1159 1977 1240 2046 bene

134 2091 279 2147 curatam
291 2099 330 2144 ec
343 2077 502 2157 vestitam,
518 2083 710 2148 ferramenta
724 2082 849 2168 egregie
862 2083 962 2154 lacta,
978 2101 1091 2164 graves
1102 2077 1239 2164 ligones,

133 2198 274 2244 vomeres
282 2180 487 2266 ponderosos,
499 2179 597 2246 boves
608 2193 739 2248 saturos.
756 2181 866 2270 Postea
876 2177 971 2274 disits
986 2179 1146 2262 Veneficio
1158 2198 1240 2250 ntea,

137 2272 289 2359 Quiriies,
305 2277 370 2347 brec
385 2294 464 2356 tunt,
481 2299 537 2342 nec
548 2299 674 2358 possum
690 2279 779 2342 vobis
794 2280 952 2342 ostendere
965 2294 1016 2338 ant
1027 2283 1057 2336 in
1058 2279 1174 2358 sorum
1185 2276 1239 2336 ad-

132 2378 242 2436 ducere
257 2361 486 2438 lucubrationes
500 2398 587 2440 mens
601 2380 788 2464 vigiliasque
803 2381 982 2442 etssudores.
1006 2377 1240 2444 Omniumsen·

133 2469 240 2534 tentiis
254 2472 411 2536 absolutus
426 2473 530 2564 itaquo
544 2487 602 2542 est.
1285 2461 1288 2474 ’

1273 1843 1336 1915 109

168 2631 184 2662 a
200 2611 247 2684 Sp.
266 2611 367 2666 Albino
382 2613 486 2678 cardi]
505 2612 552 2684 Sp.
568 2611 721 2664 Postumius
735 2611 862 2678 Albinus,
876 2611 962 2665 edilis
975 2611 1079 2665 curulis
1092 2631 1116 2663 a.
1129 2613 1162 2664 U.
1175 2613 1226 2665 635
1234 2649 1241 2675 ,

200 2694 296 2760 consul
309 2713 334 2746 a.
344 2695 408 2752 bii.
423 2695 561 2762 [Meminit
577 2693 671 2749 Albini
689 2692 813 2750 lucilius
831 2694 1031 2766 satirographus
1048 2694 1077 2748 ia
1092 2692 1239 2768 fragmento

200 2775 298 2834 celebri
311 2775 383 2852 apud
392 2775 571 2836 munuum,
582 2775 683 2830 Institt.
693 2775 743 2840 Vl,
754 2776 785 2828 bt
798 2775 870 2844 quod
882 2775 1048 2844 Antbologim
1060 2791 1115 2826 sure
1127 2777 1240 2828 inseruit
1270 2838 1271 2842 Ἰ

161 2849 164 2856 ⁴
201 2854 371 2914 doctissimus
389 2857 484 2921 editor,
505 2870 533 2910 et
552 2877 579 2932 p.
598 2857 629 2908 14
647 2855 703 2908 banc
717 2855 893 2910 annotarim«
907 2857 957 2908 Hic
975 2855 1092 2913 Albinus
1110 2855 1179 2908 idom
1198 2871 1239 2910 est

159 2936 163 2954 ⁸
202 2964 281 3019 quern
294 2947 365 2998 inter
374 2929 499 3006 Oratores
512 2963 584 2996 meos
597 2943 678 2997 retuli
688 2961 715 3016 p.
729 2943 788 2996 108.
803 2941 853 2998 Sed
867 2943 896 2995 in
910 2961 942 2995 eo
954 2941 992 2994 ibi
1004 2941 1099 3005 erravi,
1110 2941 1182 3012 quod
1191 2941 1236 3014 Sp.

154 3098 157 3107 Ι
175 3098 178 3109 .
201 3029 330 3084 Albinum
343 3031 447 3084 etitem
459 3021 581 3084 curtilem
593 3050 618 3084 a.
628 3031 694 3095 635,
706 3029 845 3083 consulem
857 3047 882 3082 a.
893 3029 945 3084 643
958 3047 1017 3083 esse
1030 3027 1095 3082 dixi.
1117 3029 1143 3082 ls
1156 3027 1236 3092 enim,

153 3139 155 3146 ¹
195 3106 297 3187 ‘dequo
309 3133 382 3170 nunc
394 3119 540 3182 remeent,
550 3115 630 3189 longe
640 3115 724 3189 major
736 3129 802 3170 nattt
813 3115 876 3182 init,
889 3116 927 3170 iio
939 3128 970 3168 ut
981 3115 1133 3168 aedilitatem
1142 3133 1166 3168 a.
1175 3117 1237 3181 596,

201 3199 372 3254 consulatum
383 3217 409 3253 a,
420 3199 472 3252 tot
485 3207 601 3271 caperet
621 3203 732 3254 aarum
743 3195 828 3254 mein
840 3197 1028 3258 cominando
1040 3205 1174 3256 molum
1186 3216 1238 3256 ω·
1267 3256 1270 3266 ,

187 3295 274 3342 'mean
285 3298 348 3344 cum
358 3282 421 3344 aliis
433 3281 501 3343 viris
511 3282 596 3340 doctis
605 3285 644 3353 (et
656 3283 716 3356 ipso
724 3283 952 3356 Westerrennno),
965 3300 998 3342 ex
1010 3281 1070 3358 ipsc
1085 3281 1144 3338 loco
1158 3281 1237 3342 Cice·
1268 3275 1271 3286 ’

201 3369 275 3428 roris
287 3367 334 3424 cit.
345 3380 428 3444 patet,
440 3387 502 3424 cum
514 3369 596 3425 aeteri
608 3386 724 3445 quoque,
736 3368 783 3438 qut
795 3387 857 3428 cam
870 3369 918 3444 Sp.
929 3367 1029 3424 Albino
1037 3363 1128 3445 juncti
1138 3387 1237 3425 memo·

202 3464 306 3518 rantur,
323 3451 392 3504 eirca
410 3451 480 3508 ittut
498 3470 582 3504 aevunr
599 3451 740 3515 florerent,
758 3469 813 3504 non
830 3470 872 3510 eo,
886 3469 940 3522 quo
958 3450 1033 3524 prius
1045 3443 1176 3525 putaram.
1198 3451 1237 3504 Eo

200 3539 264 3588 'itero
280 3533 388 3588 facilius
404 3553 477 3588 error
495 3537 650 3589 commissus
664 3531 718 3606 cst,
733 3533 805 3606 quoti
822 3533 868 3606 Sp.
886 3531 1013 3598 Albinus,
1029 3531 1078 3604 qui
1097 3531 1117 3584 l.
1134 3552 1159 3585 c.
1176 3531 1236 3586 lau-

200 3615 288 3679 datur,
305 3615 374 3669 idem
391 3635 451 3688 esee
467 3633 529 3670 cum
545 3633 587 3683 ao,
605 3617 652 3688 qui
670 3633 728 3688 cap.
740 3615 774 3669 il
787 3615 950 3681 nmninatur,
969 3613 1123 3686 putabatur.
1143 3615 1194 3696 Sprl
1207 3617 1236 3669 ln

200 3703 288 3773 priore
305 3702 365 3756 loeo
380 3703 478 3757 consul
495 3721 519 3756 a.
536 3705 599 3769 aot,
618 3703 647 3756 in
664 3699 920 3774 pommioreoonsul
937 3719 962 3755 a.
977 3700 1235 3774 iliimelligentiua

162 3830 165 3842 .
200 3797 250 3840 cai.
264 3791 292 3852 a}
767 3813 771 3824 ¹
929 3817 931 3824 ν

288 3911 373 3982 XXI
391 3927 425 3983 et
443 3904 562 3983 xxti.
592 3915 632 3984 L.
651 3911 745 3985 etC.
764 3908 907 3985 Aurelii
925 3912 1096 3985 Ores'tae.¹
1213 3921 1228 3954 ·'·

170 4071 238 4140 Cic.
251 4074 338 4142 Brut.
349 4095 377 4140 o.
389 4075 443 4152 tt,
455 4077 494 4142 94
504 4097 512 4136 a
521 4075 600 4144 Sunt
606 4076 705 4146 etiem
712 4077 748 4144 1..
758 4075 833 4142 etC.
845 4075 1043 4151 Aureliorum
1049 4077 1234 4146 Orestarum

128 4173 300 4245 orationes,
311 4192 387 4252 quoa
398 4174 504 4256 aliquo
512 4175 602 4242 vitica
612 4175 646 4240 in
656 4189 788 4242 numero
798 4187 958 4241 oratorum
968 4173 1072 4246 luisse.

176 4273 211 4333 l..
225 4269 369 4338 Aurelius
379 4271 505 4340 Orestes
516 4273 623 4340 consul
634 4270 691 4336 luit
702 4295 731 4336 a.
745 4276 784 4342 U.
799 4275 872 4336 ott.
