3218 5320
902 465 972 537 330

288 581 358 656 212
456 605 513 658 lloc
525 621 558 656 ex
571 601 731 654 Tborbeclii
743 602 960 671 prestantissima
969 602 1195 659 Commentatione
1212 605 1251 657 De
1272 605 1303 657 C.
1320 607 1408 658 Asinii
1425 609 1488 661 Pal.

454 689 534 740 lionis
547 687 600 738 vita
613 699 640 738 et
654 686 770 758 scriptis,
786 687 872 758 Lugd.
893 691 951 742 Bat.
971 689 1049 750 1820,
1071 706 1099 758 p.
1123 689 1157 738 65
1175 707 1244 760 sqq„
1272 703 1303 742 ut
1321 691 1404 744 multa
1425 694 1487 758 alia,

453 769 588 823 transtuli.

420 897 451 958 2.
475 896 682 976 Temporibus
702 895 950 957 triumviralibus
966 897 1046 978 (quas
1061 916 1092 958 a.
1110 899 1151 963 U.
1171 897 1231 960 700
1246 899 1433 978 incipientia
1451 905 1484 964 in

377 1015 494 1057 annum
511 994 568 1056 721
593 989 766 1070 desinunt),
794 989 1035 1066 aitkThorbeck.
1055 1013 1126 1076 pag.
1143 997 1195 1068 68,
1226 995 1352 1056 Asinius
1370 999 1484 1062 oratio-

377 1113 448 1154 nem
459 1090 567 1154 habuit
577 1110 635 1168 pro
649 1089 776 1164 Lamiae
791 1111 858 1170 quae
871 1092 945 1152 dein
958 1091 1041 1153 edita
1052 1106 1109 1152 cst.
1127 1093 1199 1155 Vid.
1208 1091 1319 1156 Senec-
1332 1093 1419 1156 Suas.
1436 1119 1482 1167 vr,

374 1214 407 1276 p.
421 1195 476 1256 42.
489 1181 562 1256 Fuit
575 1194 616 1266 is,
628 1192 821 1256 uteredibtle
835 1205 893 1268 cst,
911 1195 947 1256 L.
973 1193 1073 1254 AElius
1082 1193 1200 1268 Lamia,
1217 1191 1383 1258 familiaris
1394 1195 1484 1260 Cice-

373 1289 472 1366 ronis,
495 1313 584 1373 quem
600 1293 653 1354 hic
673 1291 708 1352 in
728 1291 827 1370 Epist.
845 1290 884 1351 ad
905 1289 978 1352 lam.
1003 1309 1047 1364 xi,
1073 1294 1124 1362 16,
1156 1293 1206 1366 17,
1226 1297 1425 1356 commendat
1441 1297 1483 1358 D.

372 1396 482 1470 Bruto,
498 1393 667 1468 etx11,29,
684 1388 867 1466 Cornificio,
885 1391 924 1451 ab
941 1394 980 1452 Α.
997 1391 1134 1456 Gabinio
1145 1392 1216 1456 Cos.
1232 1395 1387 1476 relegatus
1397 1418 1482 1460 anno

373 1493 447 1564 695,
472 1491 569 1552 aedilis
591 1510 621 1551 a.
639 1489 711 1562 708,
728 1501 844 1570 praetor
868 1509 898 1550 a.
917 1489 990 1564 711,
1008 1486 1034 1550 si
1056 1489 1179 1569 quidem
1195 1488 1226 1556 ‚is
1245 1494 1287 1555 sit
1300 1493 1477 1574 praetorius,

372 1608 463 1670 quem
476 1587 582 1651 Valer.
600 1587 683 1647 Max.
701 1587 729 1658 Ι,
746 1583 787 1658 8,
811 1598 872 1647 ext.
897 1585 947 1660 12,
965 1605 1002 1646 ac
1016 1583 1138 1648 Plinius
1154 1587 1195 1648 Η.
1213 1589 1253 1650 Ν.
1271 1591 1326 1665 Vl,
1341 1591 1393 1667 52,
1415 1613 1481 1654 me·

371 1697 508 1748 morant.
526 1685 564 1744 ln
579 1685 637 1746 hac
648 1680 734 1745 edita
746 1682 890 1745 oratione
905 1683 1004 1746 Pollio
1018 1681 1183 1748 Ciceronis
1192 1687 1305 1748 tamam
1315 1687 1480 1750 vehemen-

371 1801 419 1849 ter
432 1786 645 1848 infestaverat.
1139 1859 1141 1866 Ι

411 1889 521 1951 Senes.
549 1886 673 1950 Suasor.
700 1905 733 1946 rr
754 1883 788 1946 in
820 1885 883 1948 fine
905 1886 1038 1950 :Solent
1056 1886 1233 1950 scholastici
1252 1889 1478 1952 declamatores

369 2005 488 2067 ponere
505 2007 513 2045 ε
530 1983 695 2046 Deliberat
709 1984 834 2056 Cicero,
856 2003 897 2044 an
907 1989 1102 2062 promittente
1113 1986 1241 2046 salutem
1253 1987 1390 2046 Antonio
1403 2009 1475 2047 ora-

367 2088 465 2144 tiones
480 2103 550 2143 suas
565 2081 738 2142 comburat.
753 2079 841 2142 Suas.
861 2098 925 2142 vu:
943 2081 1015 2144 llaec
1031 2081 1136 2162 inepte
1146 2082 1219 2144 licta
1232 2083 1362 2145 cuilibet
1375 2085 1477 2146 videri

367 2194 480 2264 potest.
496 2181 596 2240 Pollio
613 2181 678 2238 vult
696 2179 783 2238 illam
801 2201 913 2238 veram
928 2181 1043 2240 videri.
1060 2182 1108 2242 lta
1130 2183 1212 2244 enim
1228 2183 1305 2245 dicit
1328 2183 1381 2244 illa
1405 2207 1474 2244 ora·

367 2284 460 2353 tione,
478 2293 570 2360 quam
580 2297 640 2354 pro
657 2275 772 2334 Lamia
787 2277 902 2334 edidit:
920 2301 934 2332 e
954 2276 1072 2360 Itaque,
1090 2299 1128 2338 ne
1143 2299 1270 2364 usquam
1283 2287 1472 2358 persisteret,

366 2395 423 2432 nec
437 2371 606 2452 morafia‘t²
624 2373 696 2453 quin
716 2365 854 2450 ejuraret
866 2393 937 2431 suas
949 2377 1036 2450 issar,
1047 2395 1123 2458 quas
1138 2378 1339 2454 cupidissime
1351 2381 1470 2458 effide

366 2485 426 2545 rat,
449 2473 605 2530 orationes
620 2472 652 2526 in
672 2468 840 2526 Amom‘um
862 2489 869 2528 z
897 2471 1135 2556 multiplicesque
1160 2495 1286 2534 nmero
1299 2491 1330 2534 et
1344 2498 1469 2536 accura-

366 2573 425 2636 tius
433 2570 576 2644 scriptas,
592 2563 654 2623 illis
668 2568 850 2638 contrarias,
863 2565 998 2624 edereac
1009 2569 1063 2626 vel
1073 2573 1139 2648 ipse
1146 2571 1252 2650 palam
1259 2593 1317 2651 pro
1327 2580 1469 2634 concione

365 2671 496 2726 recitare
513 2661 722 2744 pollicebatur,
740 2689 754 2720 o
780 2675 945 2744 ceteraque
962 2664 1010 2725 his
1026 2663 1089 2726 alia
1102 2669 1276 2735 sordidiora
1295 2673 1405 2748 multa,
1435 2687 1468 2736 ut

363 2764 424 2828 tibi
433 2763 523 2828 facilc
530 2761 674 2844 liqueret,
688 2760 748 2822 hoc
757 2772 854 2822 totum
863 2764 939 2823 adeo
948 2761 1057 2824 falsum
1068 2783 1146 2838 esse,
1161 2778 1195 2826 ut
1210 2787 1250 2829 ue
1265 2768 1330 2850 ipse
1343 2771 1467 2850 quidem

363 2863 462 2929 Pollio
479 2861 513 2926 in
526 2859 663 2922 historiis
676 2860 740 2920 suis
752 2879 869 2940 ponere
884 2881 977 2949 ausus
991 2858 1043 2922 sit.
1063 2863 1143 2926 Huic
1158 2878 1244 2929 certe
1265 2863 1385 2930 actioni
1399 2868 1466 2948 ejus

363 2981 420 3046 pro
435 2960 542 3024 Lamia
560 2955 615 3039 qui
632 2956 852 3029 interfuerunt,
869 2971 986 3036 negant
1007 2979 1076 3020 eum
1099 2961 1164 3023 haec
1176 2962 1287 3024 dixisse
1299 2963 1368 3047 (uec
1382 2966 1464 3028 enim

362 3059 491 3123 mentiri
514 3056 569 3117 sub
584 3053 821 3118 triumvirorum
844 3055 1035 3120 conscientia
1057 3059 1259 3144 sustinebat),
1284 3061 1340 3122 sed
1360 3075 1464 3144 postea

365 3173 579 3236 composuisse.

397 3312 429 3344 oe
440 3305 550 3359 usquam
565 3285 736 3357 persisteret]
756 3289 873 3360 expressi
886 3289 1096 3348 emendationem
1107 3289 1279 3364 Schultingii.
1287 3293 1461 3358 Rambelus,

430 3376 471 3430 vir
483 3374 602 3428 doctrina
618 3387 646 3428 et
658 3375 807 3436 urbanitate
823 3389 961 3448 praestans,
975 3373 1106 3448 conjecit:
1125 3379 1199 3428 Istas
1211 3377 1315 3448 quedem
1330 3397 1460 3450 nunquam

425 3464 584 3538 perfecerat,
597 3461 646 3513 hac
663 3461 814 3512 sententia:
833 3461 973 3514 Orationes
986 3461 1093 3531 quidem
1106 3461 1268 3534 Philippicas
1282 3483 1420 3536 nunquam
1433 3485 1460 3518 se

428 3545 580 3620 perfecisse,
594 3563 681 3615 neque
692 3544 756 3596 adeo
767 3545 892 3609 edidisse,
907 3545 999 3598 Cicero
1011 3546 1155 3597 asseruerit
1171 3566 1177 3596 z
1192 3564 1251 3616 quae
1262 3559 1351 3600 autem
1370 3549 1398 3600 in
1411 3549 1458 3600 ho-

428 3635 529 3686 minum
546 3631 669 3682 manibus
682 3630 736 3682 siut
746 3629 796 3682 hoc
808 3629 915 3682 nomine
928 3631 1071 3694 orationes,
1084 3649 1173 3682 earum
1188 3648 1216 3682 se
1234 3627 1401 3702 ejuraturum
1412 3651 1460 3684 au-

426 3719 582 3781 ctoritatem,
605 3735 634 3768 ac
656 3716 817 3787 scripturum
840 3717 994 3775 contrarias,
1019 3733 1078 3786 quaa
1098 3729 1258 3770 contractam
1279 3719 1458 3790 suspicionem

418 3804 531 3867 ¹tollant.
544 3829 576 3845 ·-
585 3801 674 3874 Vulgo
687 3801 784 3874 legitur
796 3803 895 3872 Itaque
903 3817 1035 3870 nunquam
1041 3803 1193 3876 preficeret,
1203 3821 1248 3855 nee
1257 3804 1390 3871 ntorafiec't
1403 3817 1455 3856 ete

425 3887 515 3940 Satius
526 3899 614 3938 autem
625 3885 740 3946 videtur,
754 3885 851 3937 codicis
865 3885 958 3956 optimi
975 3884 1096 3938 Vaticani
1108 3885 1184 3955 sequi
1194 3887 1394 3950 auctoritatem,
1407 3887 1454 3956 qui

424 3971 477 4022 duo
494 3969 573 4023 verba
584 3986 715 4040 nunquam
720 3968 859 4038 perficeret
870 3967 968 4020 omittit
978 3988 985 4020 a
999 3986 1031 4020 ex
1045 3967 1133 4021 alieno
1143 3968 1215 4020 enirn
1228 3968 1287 4022 loco
1299 3968 1353 4021 huc
1366 3969 1453 4021 immi-

429 4067 517 4124 grasse
529 4051 665 4104 videmur,
1303 4061 1306 4068 ⁴
1417 4057 1419 4065 '

371 4157 372 4160 ¹
395 4171 425 4244 3.
450 4177 576 4264 Imperii
590 4178 719 4255 Augusti
744 4177 935 4257 temporibus
949 4176 1085 4240 defendit
1107 4177 1232 4256 Asinius
1245 4141 1375 4238 Nonium
1388 4178 1452 4238 As-

346 4300 518 4367 prenatem,
543 4277 684 4344 veneficii
698 4299 797 4342 reum.
818 4279 889 4342 Fuit
903 4280 929 4341 is
948 4279 1161 4372 probabiliter
1177 4282 1271 4357 idern,
1296 4277 1396 4360 quiin
1412 4279 1449 4340 G«
