3218 5320
919 421 988 493 312

406 571 438 620 ct
452 557 644 620 altitudinem
662 557 772 618 horum
787 567 958 638 temporum
973 557 1178 638 agnoscimus.
1201 557 1313 623 Sordes
1328 573 1426 622 autem
1438 563 1485 628 illu

406 657 571 719 verborum
587 666 619 715 et
635 653 725 716 ltians
739 652 921 736 compositio
934 670 967 718 et
981 656 1133 720 inconditi
1145 673 1251 719 sensus
1266 659 1408 722 redolent
1420 659 1485 722 anti·

405 757 565 837 quitatem,
582 775 640 820 nco
655 774 838 838 quemquam
852 757 928 820 adeo
943 755 1152 840 antiquarium
1165 770 1252 842 puto,
1268 773 1303 822 ut
1320 759 1445 824 Coelium
1456 782 1485 823 er

404 878 440 918 ea
451 870 539 938 parte
553 857 670 931 laudet,
683 875 742 937 qua
753 858 899 939 antiquus
910 870 969 920 est.

445 953 580 1039 Quintil.
593 959 633 1032 X,
650 957 772 1027 t,115=
789 958 917 1020 Multum
931 958 1051 1040 ingenii
1067 959 1102 1022 in
1112 957 1223 1034 Coelio,
1244 972 1277 1022 et
1296 961 1445 1044 prtecipue
1460 963 1486 1025 in

402 1059 577 1120 accusando
590 1056 686 1118 multa
698 1053 874 1131 urbanitas,
888 1055 1058 1140 dignusque
1072 1060 1131 1135 vir,
1145 1060 1197 1122 cui
1207 1072 1240 1122 et
1250 1081 1342 1124 ruens
1354 1061 1484 1126 melioret

401 1157 467 1220 rita
475 1156 599 1237 longior
609 1153 803 1236 oouugiaset.

437 1315 508 1349 mena
519 1295 618 1363 melior]
628 1293 688 1348 vide
697 1295 833 1348 Ciceronis
843 1295 918 1347 Brut.
928 1313 953 1346 e.
961 1295 1005 1346 tlt.

445 1421 493 1482 ld.
508 1421 549 1494 X,
561 1419 593 1496 2,
607 1420 667 1482 25:
683 1418 744 1482 Sed
758 1437 821 1482 nort
836 1417 889 1500 qui
899 1417 1032 1482 maxime
1045 1417 1224 1494 imitandus,
1238 1432 1271 1480 et
1283 1420 1368 1482 aolus
1380 1415 1483 1481 imitan-

402 1519 458 1578 dus
472 1529 529 1580 est.
546 1516 629 1600 Quid
641 1513 740 1595 ergo?
753 1535 817 1577 non
830 1528 877 1578 est
886 1514 961 1577 satis
973 1514 1078 1578 omnia
1092 1511 1139 1578 sie
1153 1515 1270 1590 dicere,
1290 1517 1436 1598 quomodo
1449 1519 1481 1578 ll.

402 1613 519 1675 Tullius
533 1610 636 1675 dixit?
648 1612 724 1674 Mihi
736 1611 859 1692 quidem
872 1607 948 1674 satis
961 1623 1054 1686 esset,
1073 1613 1101 1674 si
1115 1613 1220 1675 omnia
1234 1614 1358 1695 assequi
1370 1633 1478 1696 possen.

402 1711 485 1791 Quid
495 1723 601 1770 tamen
615 1719 753 1781 noceret,
762 1709 826 1770 vim
835 1707 982 1779 Caesaris,
990 1708 1187 1790 asperitatem
1199 1707 1301 1790 Caelii,
1311 1708 1480 1790 diligentiam

399 1805 566 1880 Pollionis,
576 1804 725 1886 judicium
739 1803 825 1867 Calvi
835 1801 1017 1887 quibusdam
1027 1805 1063 1866 in
1072 1804 1149 1868 locis
1160 1805 1342 1869 assumere?

781 2007 890 2071 onnrro
906 2027 963 2071 rno
973 2027 1006 2070 sa
1021 2027 1060 2068 oe
1073 2027 1118 2069 rr.

444 2203 567 2264 Festust
582 2203 687 2274 Oreas,
698 2199 788 2276 lreui,
801 2201 882 2282 quod
896 2199 946 2262 ori
958 2199 1177 2262 inferuntur...
1190 2197 1303 2261 celtus
1308 2219 1368 2280 pro
1377 2199 1480 2278 seapud

398 2301 541 2382 papulum
549 2325 561 2358 .·
570 2300 730 2384 &uosque
739 2297 817 2360 nult
825 2300 1054 2382 subfhmt'trihus
1062 2304 1181 2360 cccmus
1189 2315 1268 2378 erut,
1280 2321 1371 2362 oreas
1380 2297 1477 2360 detralu

403 2407 588 2478 inspectante
598 2399 694 2460 Lucio
704 2401 859 2460 Stertinio.

311 2507 375 2578 195
439 2533 548 2602 Coelius]
565 2531 683 2586 Ellendt.
692 2531 763 2585 Hist.
774 2531 852 2602 Eloq'.
868 2531 886 2583 l.
909 2531 956 2584 eit.
976 2532 1099 2586 emendat
1110 2533 1187 2594 Cato,
1203 2551 1264 2586 cum
1283 2533 1355 2605 apud
1371 2530 1476 2605 populun
1555 2493 1556 2512 l

472 2640 503 2674 ea
511 2633 586 2674 aetate
596 2638 673 2672 nemo
681 2619 796 2692 amplius
803 2638 852 2692 pro
861 2637 889 2672 ae
899 2618 1006 2685 diceret,
1015 2621 1069 2674 nisi
1077 2619 1269 2694 perduellionis
1277 2640 1353 2676 teus.
1362 2623 1397 2672 Ac
1404 2615 1475 2671 melin
1552 2683 1553 2690 ἵ

476 2723 539 2757 sana
552 2703 685 2757 sententia
695 2703 765 2756 cadit
777 2704 806 2756 in
813 2703 922 2756 Catonis
935 2704 1080 2756 orationem
1093 2703 1126 2757 (le
1139 2703 1282 2757 consulatu
1295 2722 1355 2769 suo,
1367 2704 1395 2754 in
1405 2719 1447 2772 qua
1456 2716 1476 2750 et
1552 2737 1553 2746 .

471 2805 621 2854 narrantur,
640 2808 699 2862 quse
710 2792 776 2844 Cato
791 2803 899 2844 strenue
917 2809 946 2842 ac
962 2789 1066 2844 fortiter
1083 2791 1114 2846 in
1127 2791 1207 2844 bellis
1219 2789 1343 2863 gesserit.
1364 2791 1394 2842 L.
1410 2799 1475 2840 aulem

472 2877 616 2929 Stertinius
630 2876 653 2928 is
665 2888 719 2939 est,
732 2875 778 2946 qui
792 2894 817 2928 a.
827 2877 862 2929 U.
873 2875 925 2928 ⁵54
933 2873 1079 2947 proconsul
1093 2875 1250 2946 Hispaniam
1263 2873 1414 2928 ulteriorem
1423 2883 1476 2924 entra

471 2957 589 3009 ordinem
599 2957 716 3009 obtinuit
725 2974 810 3026 usquc
820 2955 853 3008 ad
863 2974 963 3008 aunum
970 2955 1031 3008 557.
1039 2955 1149 3021 [Probat
1157 2955 1236 3008 etiam
1241 2954 1476 3028 Westerm.p.idl·]

471 3043 648 3116 -Spnlding.
656 3063 719 3096 vero
728 3043 760 3094 ad
767 3045 864 3112 Quint.
873 3041 920 3104 XI,
933 3045 956 3106 1,
966 3043 1010 3106 51,
1019 3042 1147 3095 orationis
1155 3047 1215 3096 esse
1222 3055 1311 3116 putat,
1320 3061 1395 3114 quam
1401 3038 1476 3092 tatius

468 3128 744 3202 prosedevilqabuit.

436 3243 579 3312 equusque]
588 3236 709 3308 Scaliger
717 3257 809 3310 equus,
817 3242 874 3311 qui.
887 3236 929 3290 Ab
939 3234 1004 3290 Aut.
1014 3239 1168 3310 Augustino
1176 3239 1333 3294 emeudmur
1340 3259 1412 3314 equo,
1420 3239 1461 3310 qttt'.

442 3357 570 3422 Sueton.
584 3355 632 3417 De
647 3355 726 3428 clar.
739 3355 835 3418 rltett.
847 3375 877 3418 c.
890 3355 928 3417 22
946 3355 980 3417 1..
995 3355 1129 3419 Plotium
1142 3357 1268 3422 Gallum
1283 3361 1326 3421 Μ.
1339 3351 1472 3422 Goeuusn

400 3459 553 3534 oratioue,
571 3477 661 3540 quam
672 3477 733 3536 pro
747 3476 781 3516 ce
794 3457 832 3516 de
845 3459 881 3515 ui
892 3455 1013 3532 habuit,
1025 3453 1184 3542 siguificat
1196 3459 1329 3520 dictasse
1342 3457 1472 3522 Atratino,

398 3559 572 3618 accusatori
586 3575 652 3628 sao,
669 3557 833 3626 actionem,
848 3551 1060 3638 subtractoque
1073 3557 1199 3614 nomine
1213 3553 1404 3615 hordearium
1420 3567 1472 3610 eum

400 3651 553 3712 rictorem
565 3649 715 3730 appellat,
729 3648 870 3708 deridens
884 3662 917 3708 ut
929 3643 1065 3728 irfiatum
1078 3670 1116 3708 ac
1129 3649 1226 3712 levem
1240 3665 1270 3710 et
1284 3649 1440 3710 sordidum.

432 3805 482 3857 pro
496 3803 523 3836 se
535 3787 570 3837 dc
581 3789 621 3852 ui]
634 3801 740 3838 causam
752 3782 820 3837 dixit
831 3782 934 3836 Coelius
946 3801 972 3836 a.
985 3785 1046 3849 699,
1064 3785 1096 3839 1..
1110 3783 1301 3850 Ahenobarbo,
1320 3788 1370 3856 Ap.
1382 3773 1471 3836 maudo

471 3869 560 3928 Cosa„
572 3867 642 3939 apud
652 3879 790 3940 praetorem
798 3867 850 3920 Cu.
857 3865 1002 3919 Domitium
1008 3866 1231 3940 (coni.Cic.Epp.
1238 3867 1271 3921 ad
1277 3871 1311 3936 Q.
1317 3868 1389 3920 fratr.
1395 3863 1425 3926 11,
1433 3857 1470 3925 ll).

470 3953 572 4005 Partem
581 3953 744 4006 defensionis
751 3952 844 4006 Cicero
855 3963 1018 4024 susceperat,
1025 3948 1105 4022 cujus
1114 3953 1198 4005 oratio
1207 3971 1256 4026 pro
1262 3955 1300 4006 M.
1309 3951 1389 4006 Coeliu
1397 3953 1470 4003 exsul

471 4039 499 4090 in
509 4057 612 4109 quaque
621 4041 700 4092 etiam
709 4039 742 4092 de
749 4038 828 4092 Coelii
837 4039 971 4091 amoribus
980 4050 1008 4091 et
1015 4038 1048 4091 ‹le
1057 4039 1152 4092 Clodia
1160 4039 1267 4094 dicitur.

435 4152 571 4218 Atratino]
593 4153 701 4206 Eusebii
718 4151 870 4205 Chronicou
888 4150 920 4203 ad
938 4150 982 4207 01.
1005 4152 1071 4205 189:
1091 4151 1246 4220 Atratinus,
1266 4159 1312 4226 qui
1328 4147 1470 4225 septendecd*

470 4255 551 4289 anms
570 4249 648 4290 natur
662 4237 771 4292 Coelium
790 4249 971 4303 accuraverat,
989 4235 1077 4292 olartts
1096 4241 1295 4293 moratores
1313 4239 1428 4294 autaut
1443 4227 1470 4280 “l
