3218 5320
676 425 743 500 317

480 671 647 745 Lxxxt.
677 674 725 746 M.
757 677 933 751 Caecilins.

159 883 167 946 i
202 879 284 947 Plin.
301 883 339 943 li.
353 881 391 942 M.
407 877 574 954 xxtt11,2
594 899 602 938 ι
620 877 762 954 Constat,
788 879 927 940 omnium
951 899 1141 944 venenorum
1155 885 1259 948 ocissi-

161 1005 245 1048 mum
257 1003 323 1046 esse
338 979 507 1055 aconitum,
522 995 555 1044 et
568 979 661 1044 tactis
673 998 793 1060 qnoque
806 977 995 1060 genitalibus
1008 979 1152 1046 seminini
1171 1004 1261 1048 sexus

162 1079 341 1146 animalium
363 1081 471 1144 eodem
490 1078 541 1141 die
561 1078 679 1142 inferre
692 1089 836 1140 mortem.
848 1079 926 1142 'Hoc
940 1079 999 1140 luit
1017 1100 1185 1154 venenum,
1200 1103 1261 1164 quo

160 1184 364 1266 interemptas
377 1181 568 1244 dormientes
585 1201 603 1243 a
616 1177 788 1263 Calpurnio
808 1179 913 1242 Bestia
926 1201 1038 1244 uxores
1051 1183 1099 1246 M.
1117 1183 1260 1244 Caecilius

160 1293 322 1345 accusator
338 1281 467 1364 objecit.
484 1281 566 1343 ilinc
578 1279 634 1342 illa
654 1291 744 1343 atrox
756 1280 914 1363 peroratio
930 1281 996 1362 ejus
1006 1283 1040 1342 in
1055 1278 1197 1360 digitum.

195 1419 591 1489 M.Coect1ius]1tuhnkenius
613 1418 727 1474 conexit
751 1419 793 1472 M.
814 1418 911 1472 Coeltiu
922 1457 931 1482 ,
953 1431 984 1472 nt
1000 1419 1078 1472 modo
1099 1419 1215 1474 diximus
1232 1420 1260 1470 in

230 1507 393 1576 Argumento
404 1505 441 1556 M.
453 1502 536 1568 Coelii
545 1502 620 1566 Rufi,
634 1502 803 1555 adnotatione
816 1503 932 1555 munda
948 1521 955 1554 t
970 1521 1031 1556 curn
1050 1515 1139 1556 autem
1151 1521 1261 1574 prorsus

231 1589 352 1660 ignotum
366 1589 413 1653 sit,
425 1585 603 1660 Calpurnium
616 1589 729 1640 Bestiam
739 1605 754 1638 a
766 1590 802 1640 M.
823 1587 908 1640 Coelio
922 1587 994 1640 Rufo
1013 1586 1134 1640 veneficii
1152 1605 1261 1640 accusa-

232 1687 288 1726 tum
308 1691 377 1737 esse,
399 1673 481 1726 malni
499 1686 643 1742 utrumque
663 1684 793 1724 oratorem
813 1691 932 1726 seorsum
950 1683 1071 1724 tractare.
1098 1671 1153 1724 Mac
1172 1684 1260 1724 tamen

230 1757 313 1828 magis
330 1756 442 1828 probare
454 1773 606 1827 possumus,
624 1753 686 1824 quis
706 1753 742 1806 sit
762 1751 810 1806 ille
828 1757 865 1806 M.
890 1754 1024 1818 Ctecilins,
1039 1754 1139 1824 dequo
1156 1752 1261 1806 Plinius

230 1838 360 1908 loquitur,
374 1857 452 1910 qnam
466 1837 545 1902 illud,
560 1839 631 1908 quod
646 1836 826 1890 linhnlenius
839 1836 934 1900 volunt,
948 1838 1067 1908 quamvis
1077 1839 1141 1890 satis
1150 1837 1185 1888 sit
1197 1856 1260 1909 pro-

231 1921 330 1974 babile.
348 1923 415 1974 Nam
433 1927 469 1976 Μ.
493 1922 595 1975 Coelius
617 1933 753 1974 accusator
777 1921 858 1994 vulgo
883 1922 1078 1976 nominabatur.
1098 1921 1261 1992 Calpurnius

233 2003 339 2073 quidem
352 2005 438 2058 Bestia
451 2024 475 2057 a.
497 2005 545 2058 69¹1
566 2023 582 2056 a
594 2004 685 2056 nescio
702 2022 755 2074 quo
768 2003 884 2056 ambitus
901 2023 963 2057 reus
976 2015 1018 2057 est
1032 2004 1118 2057 iactus
1134 2003 1261 2056 Cicerone

232 2077 398 2143 defendente.
412 2091 469 2142 Cic.
482 2089 569 2162 Epist.
583 2089 616 2141 ad
629 2090 761 2158 Quintum
776 2089 819 2142 Fr.
834 2087 869 2153 ll,
885 2091 911 2142 3.

477 2269 659 2340 LXXXll.
687 2271 739 2340 Μ.
767 2267 935 2341 Calidius.

518 2364 695 2462 [Ellendt.
710 2391 747 2464 p.
770 2369 814 2439 76
826 2365 904 2465 sq.]

200 2570 267 2633 Cic.
284 2571 374 2632 Brut.
392 2589 421 2631 c.
447 2571 499 2645 ¹19,
527 2569 589 2632 274
605 2593 613 2630 :
630 2571 672 2630 M.
692 2571 831 2634 Calidius
852 2592 915 2634 non
936 2571 995 2634 fnit
1019 2583 1126 2634 orator
1140 2589 1222 2636 unus
1242 2593 1259 2632 e

160 2671 277 2744 multis,
291 2671 395 2750 potius
408 2670 493 2732 inter
506 2671 619 2730 multos
632 2688 729 2750 prope
746 2670 912 2751 singularis
931 2669 1006 2746 iuit3
1024 2669 1071 2734 ita
1084 2671 1262 2732 reconditas

158 2765 383 2846 exquisitasque
406 2763 579 2826 sententias
606 2764 709 2825 mollis
729 2777 761 2825 at
785 2766 946 2846 pellucens
971 2765 1122 2828 vestiebat
1147 2767 1259 2828 oratio.

159 2864 245 2926 Nihil
267 2878 331 2926 tam
353 2877 495 2928 tenerum
514 2885 606 2947 quam
628 2861 713 2926 illins
736 2864 971 2945 comprehensio
987 2866 1168 2938 verhornm,
1184 2864 1264 2926 nihil

160 2974 223 3024 tam
246 2960 391 3038 flexibile,
420 2963 510 3036 nihil,
538 2967 619 3045 qnod
642 2963 739 3044 magis
752 2963 848 3046 ipsius
871 2961 1003 3026 arbitrio
1023 2962 1205 3044 fingeretur,
1230 2975 1264 3024 ut

159 3063 275 3128 nullius
292 3063 426 3124 oratoris
440 3081 525 3144 teque
541 3066 575 3128 in
588 3075 741 3148 potestate
755 3060 871 3126 luerit:
892 3081 960 3145 quas
973 3066 1109 3146 primum
1121 3061 1164 3126 ita
1184 3083 1263 3146 para

157 3174 238 3235 erat,
259 3175 295 3224 ut
309 3163 388 3224 nihil
409 3162 571 3244 liquidins3
588 3164 633 3226 ita
647 3163 749 3226 libere
762 3161 888 3238 fluebat,
905 3175 1103 3246 utnusquam
1121 3165 1262 3226 adbaere-

157 3275 275 3340 sceret3
303 3262 420 3325 nullum
441 3261 503 3327 nisi
523 3264 591 3327 loco
609 3259 750 3344 'positum
774 3275 807 3325 et
827 3275 984 3345 tamqnam
1005 3265 1039 3326 in
1059 3264 1262 3328 vermiculato

157 3361 354 3430 emblemate,
368 3373 401 3422 ut
412 3361 457 3424 ait
467 3359 616 3439 Lucilius,
632 3374 785 3426 structum
799 3363 931 3429 verbum
941 3363 1084 3443 videres,
1105 3383 1165 3426 nec
1185 3382 1261 3428 vero

156 3459 252 3526 ullum
262 3470 316 3519 aut
332 3459 443 3519 durum
459 3472 513 3521 aut
524 3459 662 3522 insolens
676 3471 730 3522 aut
739 3459 856 3524 humile
866 3473 919 3523 ant
929 3457 1051 3540 longius
1065 3460 1207 3536 ductnm3
1222 3479 1260 3519 ac

158 3577 221 3618 non
230 3553 360 3638 propria
373 3557 472 3619 verba
486 3578 603 3634 rerum,
617 3559 671 3621 sed
681 3559 829 3640 pleraque
841 3560 968 3634 tralata,
985 3559 1031 3622 sic
1045 3571 1161 3632 tamen,
1174 3568 1210 3618 nt
1223 3576 1259 3618 ea

133 3714 137 3721 .
157 3676 221 3720 non
235 3658 363 3720 irruisse
377 3657 411 3720 in
423 3658 558 3720 alienum
571 3659 684 3735 locum,
705 3660 759 3722 sed
773 3659 964 3741 immigrasse
976 3659 1010 3720 iu
1023 3677 1111 3721 suum
1125 3657 1257 3720 diceres.

199 3758 345 3840 capot,
372 3759 434 3821 tto
450 3779 459 3820 ε
475 3760 537 3822 Sed
552 3777 622 3823 cnm
643 3781 663 3822 a
677 3760 767 3823 nobis
785 3761 877 3844 paulo
895 3773 968 3824 ante
988 3759 1107 3824 dictum
1124 3760 1177 3830 sit,
1195 3759 1257 3822 tria
1284 3739 1357 3816 200

157 3856 258 3920 videri
276 3879 353 3934 esse,
371 3880 437 3940 quae
459 3874 566 3922 orator
578 3860 700 3924 efficere
715 3863 857 3940 deberet,
872 3875 907 3924 ut
920 3864 1058 3936 doceret,
1074 3874 1109 3924 ut
1126 3859 1256 3924 delecta·

158 3971 218 4034 ret,
234 3973 269 4021 ut
279 3975 418 4024 moveret
435 3981 443 4021 ε
464 3962 523 4024 duo
547 3982 665 4024 summe
680 3965 790 4040 tenuit,
815 3979 849 4026 ut
859 3977 892 4026 et
904 3984 972 4026 rem
985 3963 1156 4026 illustraret
1166 3961 1257 4023 dissc-

158 4057 256 4119 rcndo
269 4069 301 4119 et
313 4055 432 4121 animos
446 4077 563 4135 eorum,
582 4060 636 4140 qni
649 4060 802 4138 audirent,
819 4061 992 4125 devinciret
1006 4059 1183 4141 voluptatc3
1204 4057 1256 4118 ab·

158 4167 227 4216 erat
251 4153 344 4216 tertia
371 4158 521 4230 illalum,
542 4179 601 4240 qua
616 4173 812 4241 permoveret
833 4175 924 4242 atque
943 4159 1092 4221 incitaret
1114 4157 1254 4220 animost

160 4267 296 4317 necerat
310 4257 371 4318 ulla
385 4256 434 4321 vis
449 4271 540 4341 atque
555 4259 727 4325 contentio.
