3200 5344
875 439 946 512 288

390 597 439 653 pra
453 575 543 652 Appio
557 575 684 642 claudio]
698 575 802 646 Appius
813 575 942 627 Claudius
958 573 1073 626 Pulcher
1085 571 1246 645 proconsul,
1260 573 1387 624 Cicerone
1401 587 1461 624 snc-

429 677 531 712 cessore
548 669 670 729 acceptu,
686 675 703 710 e
719 656 815 711 Cilicia
826 675 851 720 a.¹
861 659 912 712 tot
927 659 956 712 in
971 657 1063 710 urbam
1077 674 1209 721 reversus,
1224 674 1286 708 curn
1300 655 1462 726 triumphum
1574 683 1575 690 .

427 759 517 818 petere
534 746 630 810 rellct,
649 745 708 798 ar.
725 743 865 798 Dolabella
883 745 945 816 (qui
964 757 1053 816 postea
1070 743 1207 798 Ciceronis
1224 755 1282 796 erat
1297 745 1393 814 gener)
1410 761 1463 796 ma·

422 830 528 904 jestatis
544 844 624 902 utque
640 830 758 884 ambitus
770 829 936 902 postulatur.
954 832 1068 884 Causam
1081 848 1106 882 a.
1118 831 1151 884 U.
1164 830 1214 882 l03
1235 827 1395 880 Hortensius
1412 828 1465 898 egit

424 916 565 988 perpaucis
577 927 639 968 ante
653 925 763 966 mortem
775 913 879 966 diebus.
898 913 1001 968 Coelius
1020 913 1052 966 ad
1068 912 1125 966 Cic.
1138 913 1168 966 in
1183 909 1268 986 Epist.
1283 911 1316 964 ad
1329 911 1391 964 lam.
1406 929 1461 972 rut,

428 1003 532 1056 ldetd.

393 1191 577 1253 Addendnm
599 1205 646 1252 est
667 1209 782 1253 novum
803 1190 962 1253 Hortensii
982 1187 1189 1270 fragmentum
1211 1205 1250 1251 ex
1270 1184 1463 1272 Quintiliano

352 1294 440 1365 Vlll‚
453 1291 489 1368 3„
501 1293 561 1355 35:
576 1319 590 1348 α
607 1293 765 1355 cervicem
780 1293 904 1356 ridetur
918 1291 1101 1354 Hortensius
1113 1291 1234 1374 primus
1244 1289 1373 1351 dixisse:
1391 1309 1461 1352 nam

350 1401 474 1452 veteres
485 1391 650 1472 pluraliter
660 1391 829 1474 appellant.
843 1389 1027 1454 Audendum
1037 1387 1154 1471 itaque.
1170 1415 1184 1445 υ
1200 1387 1354 1452 Similiter
1361 1391 1460 1452 Varro

350 1489 399 1551 De
411 1488 517 1568 lingua
533 1491 603 1554 Lat.
620 1489 671 1562 t0‚
686 1490 739 1562 ts,
759 1509 791 1572 p.
806 1487 868 1552 588
888 1489 938 1550 ed.
958 1489 1074 1570 Speng.
1087 1508 1096 1549 :
1111 1513 1126 1544 α
1141 1486 1307 1570 Adiectum
1321 1498 1382 1561 est,
1399 1506 1460 1548 non
1574 1491 1575 1534 t

349 1603 546 1671 repugnante
560 1589 783 1652 cousuetudine
799 1589 974 1664 communi:
990 1589 1071 1670 quod
1086 1589 1223 1670 quiedam
1235 1587 1335 1650 verba
1349 1601 1460 1659 coutm

351 1707 440 1750 usum
450 1698 590 1750 veterem
605 1685 756 1750 inclinata
770 1687 919 1770 patietur,
930 1700 965 1747 ut
975 1706 1065 1768 passa
1075 1683 1276 1749 Hortensium
1286 1679 1395 1746 dicere
1406 1701 1460 1766 pro

351 1783 401 1844 lroe
415 1787 560 1858 cervices,
572 1788 693 1844 cervix.
708 1809 724 1840 ι
740 1783 779 1844 Et
790 1779 906 1846 ibidem
917 1785 948 1858 8,
965 1781 1015 1857 11,
1028 1802 1061 1865 p.
1074 1782 1156 1845 402:
1171 1807 1186 1838 a
1202 1779 1299 1844 Abeo
1313 1781 1396 1863 quod
1408 1777 1460 1842 alii

351 1882 474 1960 dicunt,
487 1889 634 1954 cervices,
644 1881 677 1945 id
687 1885 856 1948 Ortensins
866 1885 900 1947 in
912 1885 1064 1968 poematis
1078 1887 1196 1944 cervix.
1212 1909 1225 1939 s
1241 1879 1345 1966 (Hunc
1357 1883 1457 1945 locum

350 1981 396 2042 sic
417 1981 581 2061 legendnm
600 2001 667 2043 esse
687 1974 833 2073 [temere]
856 1979 976 2044 monuit
993 1977 1178 2046 Schneider.
1194 1979 1372 2044 Grammat.
1389 1981 1456 2042 Lat.

252 2100 256 2112 ¹
341 2081 413 2166 ¹vol.
426 2081 469 2154 ll,
484 2093 568 2162 part.
583 2083 612 2156 t,
628 2101 661 2163 p.
673 2079 755 2143 lOl:
776 2084 859 2167 quod
871 2081 914 2141 αἱ.
927 2081 958 2140 cl.
973 2085 1117 2154 cervices,
1129 2079 1310 2140 Hortensius
1324 2077 1385 2166 [sic
1404 2079 1458 2141 ali·

350 2195 425 2262 mint
444 2177 552 2270 codd]
574 2203 611 2243 ar
633 2186 666 2241 in
684 2187 839 2261 poematis
861 2187 903 2258 c.)
926 2181 1057 2244 Accedit
1073 2193 1226 2264 preterea
1245 2180 1340 2242 etiam
1359 2175 1459 2242 Servii

349 2277 560 2340 testimonium
576 2275 628 2358 (ad
638 2276 750 2356 virgil.
765 2279 836 2339 AEn.
849 2278 907 2348 xt,
921 2273 1013 2355 Addit
1026 2303 1040 2334 α
1053 2274 1197 2362 Quidam
1208 2295 1283 2338 sane
1293 2273 1461 2336 cervicibus

348 2372 462 2454 plurali
475 2392 604 2436 nurnero
618 2375 789 2436 secuudum
804 2387 926 2438 veteres
940 2373 1059 2435 dictum
1073 2376 1195 2451 volunt,
1211 2387 1243 2434 et
1257 2371 1456 2435 Hortensium

348 2474 483 2554 primum
493 2472 645 2552 singulari
657 2494 788 2538 numero
803 2480 964 2550 cervicem:
977 2476 1060 2538 unde
1071 2476 1256 2541 Ciceronem
1265 2475 1312 2536 Ill
1322 2475 1457 2538 Verrina

348 2570 388 2651 (c.
404 2570 453 2655 19)
462 2571 650 2634 cerviculam
661 2571 746 2632 illum
751 2566 943 2653 jactaturum
952 2573 1082 2637 tradunt
1092 2573 1217 2650 dixisse.
1231 2597 1246 2630 ι
1262 2563 1458 2658 [Hortensius

349 2681 491 2748 poemata
517 2685 637 2748 quoque
658 2664 802 2751 scripsit:
820 2689 852 2730 v.
875 2669 1050 2734 Weicltcrt.
1070 2670 1172 2752 Reliq.
1197 2681 1281 2752 poet.
1295 2689 1327 2750 p.
1348 2667 1408 2732 127
1428 2681 1458 2732 et

355 2767 427 2830 176.
441 2769 502 2832 Sed
521 2769 604 2832 aliud
617 2769 836 2848 fragmentum,
855 2790 919 2832 non
941 2769 1073 2833 relatum
1086 2769 1126 2833 ab
1136 2771 1286 2854 Aisyme,
1298 2766 1407 2851 quidni
1420 2789 1456 2831 er

348 2861 493 2930 oratioue
517 2865 584 2928 sit?
610 2866 763 2930 Priscian.
792 2867 887 2940 Vlll,
917 2867 959 2943 l,
985 2889 1017 2951 p.
1042 2867 1129 2931 369:
1152 2867 1226 2950 «Q.
1249 2867 1452 2929 Hortensius:

347 2967 464 3028 Abusis
478 2963 554 3049 jam
572 2965 714 3027 omuibus
731 2965 829 3040 dreis,
852 2982 1114 3052 ,scripnasium
1139 2967 1233 3028 Locis
1258 2969 1331 3032 scil.
1352 2982 1455 3031 orato-

346 3086 414 3128 rns.

391 3063 461 3250 [ni.
485 3159 553 3224 Cis.
565 3163 628 3224 Pro
641 3161 710 3242 lege
724 3161 877 3224 Manita.
893 3164 944 3239 li,
960 3165 1019 3228 52:
1036 3189 1050 3222 ι
1066 3165 1303 3238 Nummium,
1319 3167 1362 3250 Q.
1377 3167 1454 3228 Hor·

347 3255 441 3334 tensi,
458 3257 594 3319 multa...
615 3270 649 3320 et
669 3260 704 3320 in
725 3271 835 3320 senatu
849 3260 1078 3325 contravirum
1094 3262 1207 3325 sortem
1220 3263 1263 3322 A.
1283 3262 1452 3322 Gabinium

344 3357 485 3438 graviter
504 3367 674 3438 ornateque
694 3359 813 3446 dixisti,
833 3377 926 3440 quum
947 3360 974 3422 is
995 3361 1033 3422 de
1055 3379 1118 3424 uno
1139 3359 1329 3442 imperatore
1342 3373 1452 3423 contra

344 3461 504 3544 proedones
516 3460 734 3522 constituendo
749 3459 847 3538 legem
863 3463 1089 3544 promulgasset
1097 3461 1137 3546 (a.
1148 3463 1189 3529 U.
1204 3461 1288 3544 6’86);
1304 3475 1386 3525 etex
1396 3463 1452 3525 hoo

343 3559 411 3641 ipsc
424 3559 492 3622 loco
505 3559 540 3621 in
555 3557 668 3621 rostris
682 3559 836 3641 permulta
856 3555 932 3621 item
954 3571 1065 3625 contra
1085 3559 1185 3642 legem
1205 3577 1275 3621 eam
1294 3560 1393 3622 verba
1413 3560 1452 3622 le·

345 3658 428 3724 cisti.
443 3685 459 3717 s
481 3660 568 3722 Duas
579 3656 683 3742 ¹igitur
703 3659 862 3722 crationes
883 3672 997 3722 contra
1021 3665 1061 3723 A.
1084 3657 1260 3726 Gabinium
1273 3657 1395 3736 babuit,
1419 3660 1450 3720 in

266 3753 269 3760 ’
343 3775 455 3845 senatu
467 3762 609 3835 alteram,
624 3761 758 3823 alteram
773 3761 812 3823 ad
825 3756 1001 3850 populum]

391 3856 464 3953 [21.
487 3861 525 3923 T.
541 3861 680 3923 Annium
697 3863 1004 3926 Milonemunacum
1027 3859 1182 3926 Cicerone
1194 3859 1343 3940 delendis,
1369 3880 1449 3924 anno

344 3962 418 4025 701.
430 3963 544 4023 Ascon.
556 3963 685 4040 Argum.
696 3961 730 4023 in
741 3959 902 4024 Ciceronis
913 3959 1118 4024 Milonianarn
1130 3979 1163 4043 p.
1178 3959 1217 4024 35
1230 3959 1280 4022 ed.
1289 3953 1406 4048 Orell.]

387 4047 456 4152 [22.
480 4058 611 4119 Marcio
629 4077 755 4119 causam
774 4055 860 4120 addit
873 4059 1012 4140 Eggerus
1027 4077 1066 4120 ex
1077 4055 1266 4140 Quintiliani
1281 4055 1398 4128 verbis,
1411 4053 1449 4129 X,

336 4161 418 4224 513:
433 4184 448 4216 ι
473 4155 589 4221 Veniat
602 4159 637 4220 in
648 4157 844 4239 judicium...
865 4159 943 4222 Cato
958 4157 1118 4226 Marciam
1134 4159 1305 4222 honestene
1317 4153 1449 4220 tradide-

340 4259 384 4324 rit
394 4252 626 4344 Hortensicir]
1208 4273 1210 4278 ·
