3288 5344
872 430 916 502 68

346 583 478 638 sutts'res
487 572 592 635 uerbis
605 571 774 646 extulisset,
789 582 820 632 et
833 565 1048 651 equitumqui
1065 579 1141 630 tunc
1153 563 1347 650 judicabant,
1362 563 1444 628 inri-

318 691 323 700 ’
347 673 433 738 diam
447 673 582 740 conflare
596 689 661 734 non
676 683 757 734 esset
771 667 900 741 veritus,
918 680 1083 748 antequm
1097 667 1255 731 ferrentur
1269 667 1443 738 sementim,

345 782 453 854 sponte
466 771 500 832 in
514 769 654 832 exsilium
669 767 760 830 abiit.
783 769 851 832 Hoc
865 779 928 842 est,
945 766 1025 848 quod
1038 765 1157 834 invidia
1170 764 1330 848 depulsum
1345 765 1443 826 tribu·

346 879 420 931 netu
434 868 521 934 Urbe
534 865 700 928 excessisse
715 863 830 930 Cicero
842 865 920 933 dicit
931 864 978 926 De
998 877 1079 926 orat.
1098 865 1159 938 lll,
1180 863 1212 924 3.
1236 863 1365 924 Factum
1378 883 1446 928 esse
1535 929 1543 952 ⁸

348 966 449 1052 primo
459 965 535 1030 belli
562 962 688 1030 socialis
708 985 793 1030 enno
809 965 922 1030 Cicero
941 966 1037 1026 Bruto
1055 980 1086 1026 c.
1104 963 1144 1026 89
1163 961 1310 1026 ostendit.
1333 963 1446 1027 Secuta

345 1071 468 1135 Cottam
486 1071 520 1132 in
540 1065 650 1131 exsilio
663 1081 764 1131 mater
777 1066 916 1146 Rutilia,
939 1065 1066 1132 virilem
1084 1071 1121 1132 P.
1136 1068 1246 1132 Rutilii
1258 1066 1364 1130 lrstris
1378 1065 1444 1126 ani·

347 1187 429 1230 mum
443 1164 595 1229 retinens.
607 1166 707 1228 Testis
715 1166 836 1228 Seneca
843 1164 967 1228 Consol.
979 1166 1018 1228 ed
1029 1164 1120 1228 Helt.
1137 1184 1166 1227 c.
1181 1165 1230 1226 16.
1248 1163 1339 1228 Conl.
1351 1161 1445 1226 ctiam

1 1235 2 1245 ἵ
90 1263 92 1270 “
219 1339 227 1352 ,
346 1268 567 1351 AppianumB.
581 1264 650 1328 Cir.
664 1268 692 1342 I,
707 1266 850 1340 serat
864 1266 1048 1340 Mox.l'lll,
1063 1264 1094 1326 6.
1111 1265 1216 1330 Rediit
1228 1285 1299 1328 cum
1311 1265 1347 1326 L.
1360 1263 1445 1328 Sulla

346 1387 375 1428 a.
390 1366 465 1440 671,
480 1367 541 1430 Cn.
560 1364 705 1428 Carbone
716 1368 779 1441 111,
793 1366 830 1429 C.
844 1366 943 1430 Mario
954 1365 1040 1430 Coss.
1064 1347 1139 1428 lnde
1152 1365 1278 1440 laetum,
1300 1376 1335 1426 ut
1350 1361 1444 1426 aedili-

344 1478 454 1542 tatem,
468 1485 549 1528 anno
563 1484 619 1528 suo
631 1466 842 1547 preterlspso,
859 1481 922 1528 nott
937 1477 1070 1546 peteret,
1084 1478 1118 1526 et
1127 1479 1167 1526 ne
1177 1477 1313 1549 praetura
1323 1460 1445 1546 quidem

346 1564 545 1643 iungeretur3
562 1581 670 1644 quare,
684 1573 718 1622 ut
731 1558 933 1643 Philippuset
943 1557 1051 1636 Curio,
1072 1581 1104 1624 se
1116 1558 1186 1626 sine
1200 1579 1329 1622 munere
1342 1557 1446 1622 omnia

346 1659 409 1722 civi
421 1661 561 1722 Romano
569 1657 742 1724 honorifica
752 1659 897 1742 adeptum
909 1657 999 1722 dixit.
1016 1657 1107 1724 sude
1118 1659 1168 1720 vel
1181 1677 1245 1718 non
1255 1653 1330 1720 satis
1341 1669 1447 1737 gratus

345 1759 449 1836 tuisse,
461 1756 511 1822 rel
523 1759 674 1838 defugisse
694 1759 818 1822 ridetur
839 1760 996 1838 angustias
1015 1756 1185 1842 petitionis,
1207 1757 1318 1840 quibus
1335 1777 1446 1839 parum

271 1881 274 1890 ’
347 1857 434 1938 digni
451 1860 609 1923 dictatoris
621 1857 771 1940 suffragio
784 1861 935 1923 honorem
945 1859 1049 1942 adepti
1064 1870 1147 1933 sunt,
1159 1858 1224 1934 alii,
1236 1871 1271 1920 ut
1279 1857 1321 1942 Q.
1331 1857 1444 1936 Olella,

348 1958 547 2021 temerariam
561 1957 876 2022 ambitionemmorte
890 1960 1028 2024 luerunt.
1044 1957 1244 2022 Consulatum
1257 1959 1342 2020 enlm
1356 1955 1446 2020 Cotto

347 2079 417 2123 enm
431 2063 467 2121 L.
483 2059 619 2124 Octavio¹
629 2063 724 2142 gessit
736 2083 767 2123 a.
779 2058 855 2138 678,
877 2061 963 2125 Sulla
980 2061 1095 2123 dudum
1112 2073 1245 2124 mortuo.
1269 2057 1326 2122 llis
1337 2045 1447 2121 ¹comsu-

345 2159 427 2221 libus
446 2159 492 2220 rei
507 2158 721 2220 frumentariae
740 2176 817 2220 cura
837 2165 926 2220 extra
943 2157 1095 2226 ordinem
1105 2157 1289 2220 demandata
1302 2167 1351 2218 est
1364 2151 1443 2238 (Cio.

345 2259 438 2321 Verr.
457 2259 519 2330 111,
533 2260 576 2342 l).
603 2262 761 2332 preterea
780 2257 873 2320 Cotta
893 2257 1090 2325 tribunitiam
1111 2269 1294 2338 potestatem
1313 2253 1445 2327 macula,

346 2375 437 2435 quam
456 2355 611 2416 inusserat
629 2354 665 2414 L.
684 2352 783 2428 Sulla,
804 2353 966 2428 liberavit,
990 2352 1129 2435 quamvis
1148 2353 1264 2416 oflensa
1283 2349 1447 2416 nobilitate

345 2449 421 2532 (Cic.
435 2448 548 2527 fragm.
560 2448 687 2512 Cornel.
699 2469 731 2530 p.
745 2449 787 2511 25
800 2449 927 2512 Schtitz.
944 2445 991 2534 [et
1001 2453 1115 2511 Ascon.
1129 2471 1160 2532 p.
1177 2449 1217 2512 ll
1232 2439 1281 2512 ed.
1294 2443 1411 2534 Orell]
1420 2448 1444 2533 ).

214 2631 216 2635 Ι
344 2549 489 2614 Permisit
502 2551 587 2610 enim
601 2547 731 2614 Aurelia
747 2549 808 2624 lex,
827 2561 862 2611 ut
880 2547 1042 2612 tribunatu
1061 2547 1159 2612 iuncti
1181 2550 1257 2612 elide
1270 2545 1382 2610 deinde
1395 2548 1448 2610 ho·

346 2669 440 2712 nores
457 2662 612 2732 peterent.
636 2649 726 2712 Conl.
748 2651 866 2712 decen.
886 2652 925 2712 ed
941 2653 1033 2712 Verr.
1053 2652 1112 2726 lll,
1134 2649 1185 2712 60.
1212 2651 1327 2733 Quales
1346 2663 1447 2715 numm

346 2746 481 2812 Aurelioe
492 2749 576 2829 leges
587 2747 721 2824 luerint,
733 2749 773 2812 de
788 2751 898 2832 quibus
912 2747 978 2833 ipse
993 2749 1180 2830 abnegandis
1191 2753 1229 2813 in
1243 2762 1352 2812 senatu
1364 2761 1446 2811 retu·

346 2848 429 2924 lerit‚
451 2850 531 2930 quod
547 2848 733 2912 Ciceronem
751 2848 809 2910 Or.
830 2848 1029 2931 prcCornel.
1048 2847 1072 2910 l.
1094 2871 1123 2912 c.
1136 2849 1185 2932 (p.
1207 2848 1245 2912 66
1264 2851 1377 2910 Ascon.
1396 2848 1445 2908 ed.

345 2947 457 3032 Orell.)
469 2946 587 3012 dixisse
603 2944 754 3024 videmus,
780 2967 843 3012 non
862 2950 938 3011 sotis
955 2961 1088 3012 constet.
1116 2950 1206 3010 Illam
1227 2951 1265 3010 de
1284 2945 1448 3010 tribunitio

347 3061 497 3131 potestate
511 3051 546 3112 in
556 3051 605 3112 his
619 3071 683 3112 non
697 3069 775 3122 esse,
792 3050 944 3112 Asconius
959 3051 998 3110 ad
1012 3051 1045 3110 h.
1059 3051 1082 3110 l.
1097 3049 1218 3112 consilii
1232 3047 1448 3130 incertusipss

347 3145 523 3222 adnotavit,
545 3161 645 3228 noque
664 3147 747 3229 opud
765 3147 986 3222 Fenestellam,
1011 3165 1111 3230 neque
1132 3149 1211 3231 apud
1225 3148 1402 3212 Sallustium
1417 3161 1448 3209 et

347 3239 470 3304 Litium
483 3241 651 3323 quidquam
659 3241 796 3325 reperit.
811 3238 926 3322 Legem
941 3243 981 3304 66
989 3240 1128 3325 judiciis,
1147 3255 1259 3306 ut‘noa
1275 3244 1384 3319 solam,
1403 3239 1447 3304 ito

347 3337 398 3411 vel
408 3357 445 3400 ea
455 3339 494 3400 de
507 3355 545 3398 re
556 3351 621 3400 non
630 3333 917 3414 intellexitCicero‚
932 3341 1012 3421 quod
1024 3359 1043 3400 a
1053 3342 1096 3402 Μ.
1110 3337 1239 3404 Aurelio
1249 3339 1341 3404 Gutta
1351 3340 1448 3402 tratre

347 3452 431 3498 anno
442 3437 564 3498 demtmr
573 3447 723 3516 sequeme
738 3434 889 3514 abrogata
903 3449 960 3498 est.
976 3439 1196 3500 Potesttamen
1207 3439 1267 3500 hoe
1279 3437 1445 3518 negotium,

346 3533 385 3594 de
399 3549 459 3614 quo
473 3532 510 3594 G.
524 3531 616 3596 Getta
635 3533 743 3594 consul
761 3531 881 3594 referre
899 3545 1057 3616 coeperat,
1078 3531 1113 3594 iu
1131 3527 1310 3614 sequentem
1332 3550 1447 3596 annunt

347 3644 521 3698 extractum
529 3631 641 3696 rideri.
653 3634 699 3695 Er
708 3633 868 3696 consulatu
877 3632 1013 3699 Galum
1023 3633 1218 3716 provincism
1228 3635 1367 3708 sortitus,
1378 3651 1446 3696 cum

345 3732 428 3816 justo
439 3735 585 3818 cupidior
596 3731 746 3818 triumphi
755 3734 872 3810 suisset,
881 3735 947 3818 jam
958 3737 1084 3799 decreto
1094 3737 1214 3801 honore
1223 3737 1311 3816 tongi
1322 3757 1385 3800 non
1396 3751 1446 3819 po·

349 3835 421 3908 tuit,
433 3839 486 3902 sm
496 3837 660 3918 repentina
670 3849 770 3900 morte
787 3837 957 3900 exstinctus
966 3851 1013 3900 cst
1022 3834 1102 3920 (Cic.
1114 3838 1170 3904 Or.
1184 3841 1218 3902 in
1230 3840 1334 3902 rison.
1349 3857 1379 3900 e.
1393 3837 1444 3910 26,

349 3935 438 3996 mut.
451 3955 481 3999 6.
495 3937 547 4011 em
560 3936 641 3999 conl.
655 3939 769 4000 Asson.
782 3937 822 4000 ad
831 3937 853 3998 l.
867 3935 921 4020 cl.

394 4031 445 4100 53.
470 4037 651 4114 Causarum,
668 4054 744 4120 quas
757 4036 846 4115 dixit,
862 4053 979 4121 paone,
995 4055 1098 4122 eaeque
1116 4041 1242 4104 nornine
1259 4043 1383 4102 tantum
1400 4052 1447 4101 to·

351 4149 419 4206 nus,
436 4143 515 4193 notae
528 4147 611 4196 sent.
636 4133 822 4199 Adolescens
841 4133 979 4198 delendit
998 4137 1182 4202 avunmlurn
1197 4141 1232 4200 P.
1245 4136 1396 4200 Rutiliana
1414 4141 1447 4197 et

350 4230 489 4311 momnis
496 4251 594 4314 pauca
603 4253 662 4297 nec
672 4233 772 4298 locata
782 4233 910 4314 artibus,
921 4249 1024 4301 tamen
1034 4237 1170 4302 oratorie
1182 4239 1273 4300 dixit.
1291 4235 1447 4301 Arretinos
