3200 5344
671 434 741 508 285

193 564 344 656 [Quintil.
365 569 418 645 lv,
434 567 543 631 blint
560 569 628 632 Nou
645 565 805 632 immerito
818 568 946 632 motu·
961 589 998 632 en
1010 569 1169 650 tlil‘gentia
1185 557 1256 655 pur·

141 669 248 734 tientli
269 672 343 734 tulit
362 671 462 734 lotulis
480 669 521 752 Q.
542 669 745 742 Hortensiuss
768 669 858 752 onnus
878 682 981 734 tomen
1004 670 1199 756 elusionem,
1223 671 1257 736 in

143 765 262 846 digitos
274 769 447 842 diductam,
465 787 695 849 nonnumquam
712 766 825 832 Cicero
840 768 952 832 leviter
966 768 1074 830 eludit.
1087 803 1130 814 -
1150 771 1198 832 ld.
1215 771 1255 846 ll,

143 863 178 941 6,
207 867 245 928 l:
276 867 431 933 Cicero...
457 870 699 932 Hortensium...
729 867 965 950 tradiditque
989 868 1195 948 cogitaverat,
1219 873 1258 936 etl

142 968 279 1032 verbnm
293 970 326 1033 in
341 972 461 1051 agendo
474 971 628 1034 retulisse.
646 967 776 1058 Hagen]

186 1063 336 1128 Sidonius
349 1067 448 1149 Epist.
462 1087 506 1142 ιι,
522 1067 560 1130 se
578 1069 647 1130 Res
659 1067 868 1132 Theodorioos
885 1066 983 1130 sentit
1001 1080 1036 1128 ut
1050 1067 1255 1149 Pythagoras,

141 1158 260 1244 dividit
275 1177 310 1226 nt
319 1164 479 1235 Socrates,
495 1163 632 1246 explieat
645 1175 680 1226 ut
693 1163 795 1237 Plato,
808 1163 951 1246 implicat
963 1178 998 1226 ut
1010 1164 1209 1238 Aristoteles,
1225 1175 1259 1225 nt

143 1259 309 1324 AEsobines
321 1257 493 1336 blanditur,
507 1273 543 1322 nt
554 1257 781 1324 Demosthenes
794 1261 951 1336 irascitur,
966 1277 1075 1321 omnm
1088 1277 1120 1321 aa
1131 1259 1257 1322 Haren-

143 1361 225 1431 sius,
248 1371 357 1422 atnat
375 1371 409 1420 ot
424 1359 592 1440 Cethegus,
609 1359 724 1422 incitat
741 1372 777 1421 nt
787 1358 904 1431 Curio,
922 1373 1063 1422 moratur
1077 1370 1112 1420 nt
1125 1359 1255 1432 Fabius,

142 1456 273 1520 simulat
281 1472 315 1521 ut
324 1457 467 1531 Crassus,
482 1457 824 1534 dissimuletutlloesar,
835 1459 944 1521 suetlet
955 1469 990 1520 ut
999 1457 1090 1534 Cato,
1101 1449 1271 1522 Hauedm'

141 1566 179 1614 ut
191 1558 323 1638 Appius,
337 1558 505 1639 persuadet
514 1569 548 1619 ut
556 1554 692 1620 Tullius!

188 1653 378 1718 Orationem
391 1656 432 1719 ab
446 1675 485 1720 eo
498 1653 676 1717 habitarum
690 1655 809 1716 mentio
823 1652 857 1714 fit
871 1655 907 1714 in
919 1654 968 1715 h'u
980 1651 1075 1718 loeis:

190 1755 219 1813 1.
244 1754 312 1818 Cic.
332 1757 422 1816 Brut.
443 1775 473 1816 c.
493 1755 546 1828 64,
565 1753 646 1818 2292
663 1753 845 1816 Hortensius
866 1755 903 1816 L.
923 1752 1036 1816 Crasso
1058 1754 1101 1836 Q.
1118 1751 1257 1816 seurota
1300 1729 1311 1754 ⁸

144 1850 238 1915 Coss.
255 1850 391 1932 primum
405 1851 439 1912 in
453 1849 521 1913 loro
535 1851 615 1914 (lixit
628 1861 661 1912 et
676 1853 758 1932 apud
770 1851 828 1914 bos
839 1847 922 1932 ipsos
932 1849 1056 1932 quidem
1069 1847 1212 1912 eonsules
1223 1859 1257 1910 et

150 1967 225 2008 oum
240 1965 360 2022 eorum,
377 1943 431 2028 qui
450 1946 615 2022 alluerunt,
636 1961 702 2010 tum
723 1945 861 2031 ipsorum
880 1949 1053 2019 consultatu,
1073 1943 1129 2028 qni
1148 1963 1257 2008 omnes

143 2049 358 2128 intelligentia
377 2049 554 2125 anteibant,
573 2049 692 2132 judicio
710 2049 852 2112 seneen
870 2049 1029 2132 probans.
1053 2049 1257 2128 Undevigiuti

142 2167 246 2211 anuos
258 2163 348 2214 natos
358 2163 427 2212 eret
439 2169 478 2212 eo
489 2162 640 2232 tempore.

187 2247 408 2312 GieDeorot.
419 2249 480 2322 lll,
496 2249 548 2325 61,
563 2249 637 2324 229,
650 2248 846 2314 nbiCresuos
856 2245 954 2312 dieite
971 2248 1021 2311 He
1032 2247 1257 2331 oomulefflor·

141 2343 276 2425 tensius)
290 2349 323 2403 in
334 2360 440 2405 senatu
450 2365 577 2407 causam
588 2346 723 2426 defendit
733 2350 765 2404 A
757 2346 870 2426 fiiece.

185 2442 290 2504 Exhis
299 2443 612 2525 duobusloeisputet,
624 2443 756 2527 primam
766 2443 1183 2512 cenomannensem.
1193 2443 1255 2506 656

137 2555 245 2604 aetum
257 2563 325 2605 esse
342 2563 471 2626 eumque
485 2543 577 2606 luisse
593 2543 721 2608 Alriee.
744 2545 823 2605 Turn
841 2541 927 2607 enirn
946 2545 1142 2624 undeviginti
1157 2563 1257 2609 euuos

143 2651 344 2797 Mlffffizbt
369 2737 468 2816 Magis
492 2738 588 2798 etiam
612 2736 802 2811 excellebat,
833 2756 903 2800 cnm
926 2755 985 2820 pro
1000 2737 1166 2816 Bithynice,
1181 2757 1256 2816 rego

142 2837 238 2895 dixit.

180 2971 316 3044 Bithyniae
328 2973 399 3045 rege]
411 2973 563 3026 Meomode.
579 2973 616 3024 Es
625 2989 704 3024 causa
714 2969 867 3043 puolosnte
880 2969 942 3025 belli
952 2969 1058 3024 sooislis
1072 2969 1179 3023 initium
1188 2971 1257 3024 eirea

216 3072 317 3108 annum
327 3057 379 3110 nte
389 3053 469 3108 diets.

188 3194 221 3254 3.
243 3191 313 3256 cic.
330 3193 420 3256 Brut.
438 3213 468 3254 c.
482 3192 533 3269 64,
550 3192 630 3256 230:
648 3191 832 3256 Hortensius
848 3210 910 3253 non
928 3211 997 3255 eum
1012 3192 1075 3254 suis
1089 3189 1260 3272 aequalibus,

142 3291 255 3366 solum,
266 3295 321 3354 sed
335 3305 367 3356 et
380 3314 446 3358 mee
459 3314 530 3358 eum
541 3305 631 3356 aetate
646 3306 679 3356 et
693 3313 763 3358 oum
775 3304 839 3368 tua,
851 3293 958 3369 Brute,
972 3306 1004 3356 et
1016 3314 1087 3356 eom
1098 3290 1257 3378 aliquanto

142 3393 306 3477 superiore
315 3393 535 3476 conjungitor3
552 3394 578 3456 si
587 3394 710 3478 quidem
724 3405 758 3455 et
766 3392 880 3456 Crasso
891 3390 964 3456 vivo
976 3394 1081 3458 dicere
1095 3393 1213 3467 solebat
1226 3405 1258 3454 et

143 3496 244 3578 magis
256 3495 321 3578 jam
336 3498 432 3560 etiam
446 3497 572 3577 vigebat
585 3495 725 3560 Antonio
741 3508 773 3559 et
787 3515 857 3558 cum
871 3494 1015 3579 Philippo
1031 3495 1097 3586 jann
1112 3515 1185 3558 sene
1197 3516 1256 3574 pro
1287 3481 1357 3550 llll

147 3593 202 3654 Co.
215 3593 367 3672 Pompeii
382 3594 471 3656 bonis
484 3595 600 3654 dicente
617 3593 652 3656 iu
673 3593 727 3656 illa
748 3611 860 3666 ceusu,
876 3593 1057 3658 adolsseens
1067 3611 1139 3680 eum
1151 3603 1250 3666 esset,

144 3694 292 3776 princeps
303 3693 372 3756 brit.

182 3841 233 3894 Cn.
246 3843 377 3916 Pompeii]
392 3861 419 3895 a.
430 3843 462 3896 U.
474 3843 523 3895 66Ί
534 3845 585 3896 Cn.
597 3843 739 3914 Pompeius
754 3861 817 3896 reus
830 3844 916 3896 lictus
930 3856 1000 3908 erat,
1016 3843 1088 3914 quod
1100 3845 1128 3896 in
1144 3844 1252 3897 victorin

216 3930 300 3999 patris
311 3929 446 3984 Asouluna
459 3929 543 3984 libros
558 3942 586 3983 et
598 3929 691 4004 plagas
703 3931 852 3984 venatorias
866 3949 976 3986 munere
989 3931 1148 4004 neeepbset.
1167 3932 1255 4005 signs

217 4013 316 4067 Annal.
327 4013 380 4068 rol.
392 4015 440 4079 lll,
451 4033 480 4086 p.
493 4016 556 4068 239.

189 4135 221 4196 l.
245 4139 281 4199 ln
298 4159 390 4202 causa
406 4139 445 4200 P.
461 4134 593 4222 Quinctii
605 4155 710 4200 contre
723 4141 903 4201 Ciceronem
917 4138 996 4204 dixit
1015 4163 1044 4204 a.
1056 4145 1098 4210 U.
1112 4142 1184 4204 672.
1214 4145 1253 4206 V.

45 4237 50 4246 '
146 4234 310 4302 Ciceronis
321 4241 497 4304 orationem
506 4261 563 4323 pro
574 4262 610 4302 eo
622 4262 650 4303 o.
665 4242 676 4302 l
693 4255 722 4304 et
735 4239 821 4303 olibi.
