3212 5326
347 598 472 677 maguis
496 594 632 678 ingeniis
656 593 951 682 animadvertimus)
976 593 1029 670 llln
1053 595 1223 678 peculiaris
1240 597 1307 658 lans
1330 595 1398 669 luit,
1422 609 1457 658 ut

353 715 415 760 non
434 698 534 760 solnm
547 715 654 760 ornnes
673 692 777 760 adiret
793 696 936 760 hnmanoe
953 695 1091 760 scientias
1116 706 1223 776 partes
1236 709 1329 776 atque
1343 695 1457 770 lontes,

349 791 521 858 sedetiam
544 789 615 856 aliis
638 791 840 872 patefacerat,
861 806 895 854 et
912 811 1020 858 omnes
1044 787 1168 870 ingenti
1191 787 1330 854 discendi
1355 793 1456 854 studio

352 893 549 956 accenderet.
562 893 693 952 Factum
709 901 756 952 est
767 885 852 965 iude,
869 901 982 952 utnon
1001 890 1100 952 soluto
1114 883 1282 968 aequalibus
1292 888 1456 952 honestum

350 984 522 1061 videretur,
536 1005 664 1068 operam
685 981 787 1050 literis
803 988 892 1061 dare,
916 987 970 1048 sed
982 998 1017 1048 nt
1028 997 1121 1050 aetate
1135 981 1279 1066 juniores
1296 981 1351 1046 rix
1362 984 1457 1050 atium

349 1095 570 1164 sequerenturf
593 1102 692 1163 neque
713 1083 753 1146 ad
775 1083 869 1148 atium
883 1101 951 1146 sese
972 1080 1170 1164 applicarent
1189 1082 1240 1146 vel
1258 1077 1456 1145 institutione

348 1181 533 1260 gauderent,
561 1191 594 1242 ct
615 1178 757 1252 laudibus
777 1176 1018 1261 adquiescerent
1042 1176 1106 1242 nisi
1126 1175 1304 1254 Ciceronis,
1335 1177 1457 1246 etiamsi

349 1279 422 1343 vitae
435 1277 577 1344 instituto
590 1292 624 1342 et
632 1300 766 1356 morum,
781 1295 815 1346 ut
827 1284 954 1358 Brutus,
969 1281 1020 1346 vel
1032 1278 1104 1344 aliis
1114 1293 1220 1363 postea
1229 1281 1380 1362 exemplis
1388 1281 1454 1348 irni-

312 1457 316 1468 ,
350 1380 463 1453 tandm
483 1377 642 1442 utCalrns
656 1375 743 1454 feeit,
761 1377 804 1442 ab
816 1378 884 1459 ejus
898 1391 966 1442 arte
981 1375 1150 1469 stratisue
1167 1373 1365 1442 dissiderent.
1381 1379 1456 1444 Pro·

350 1473 427 1538 rimi
445 1488 520 1538 snut
538 1476 867 1555 aquileianensis
883 1489 1035 1552 oratores,
1059 1477 1115 1537 sed
1138 1471 1277 1556 ingenio,
1304 1475 1452 1550 moribus,

350 1573 415 1638 vita
429 1576 521 1655 longe
533 1575 662 1650 diversi,
678 1575 728 1635 M.
750 1575 866 1638 Celso
886 1577 985 1654 Rufus
999 1587 1032 1638 et
1054 1574 1094 1640 C·
1111 1577 1254 1640 Licinius
1271 1574 1393 1634 cotan.
1411 1576 1457 1638 De
1568 1659 1570 1668 A

289 1751 291 1760 Ι
349 1669 417 1744 illo,
439 1692 531 1752 quem
541 1669 681 1754 priorem
700 1674 1002 1748 tenebrescente
1017 1692 1072 1735 nos
1090 1669 1170 1734 dixit
1181 1672 1231 1735 vir
1243 1669 1457 1738 meritissimus

350 1775 387 1834 P.
412 1770 580 1850 Manutius,
595 1770 742 1854 prooemii
759 1775 861 1840 instar
874 1775 944 1858 ejus
967 1773 1065 1838 ritem
1085 1771 1319 1840 commentariis
1341 1775 1407 1838 suis
1424 1777 1456 1842 in

349 1869 464 1938 tibrum
480 1871 557 1934 Vlll
572 1867 782 1952 Epistularum
792 1872 980 1938 addiversos
992 1870 1167 1954 praefigens.
1181 1870 1277 1954 Cujus
1284 1867 1350 1933 viri
1359 1869 1457 1953 copiis

348 1965 394 2034 ita
414 1984 549 2046 utamur,
574 1985 620 2047 nt,
636 1987 788 2052 quantum
805 1985 907 2055 potest
932 1973 1013 2047 lieri,
1034 1991 1102 2052 qnae
1121 1968 1175 2036 ille
1196 1967 1302 2050 tetigit
1317 1972 1456 2052 pleniora

349 2074 479 2136 reddere
492 2074 678 2136 studeamus.
695 2077 783 2140 Gens
796 2074 894 2138 Coelia
906 2072 1021 2138 nobilis
1035 2094 1098 2140 non
1109 2074 1167 2136 luit
1180 2085 1255 2136 ante
1269 2071 1306 2137 C.
1323 2070 1451 2136 Coelium

349 2169 490 2245 Celdum,
503 2170 575 2234 Cos.
590 2188 663 2234 cnm
672 2171 733 2236 Cn.
751 2170 889 2234 Domitio
904 2192 933 2233 a.
955 2175 1030 2239 659.
1047 2171 1137 2236 Conl.
1155 2173 1194 2234 de
1210 2171 1382 2234 Coeliorum
1395 2171 1454 2236 ori·

348 2269 473 2349 ginibus
490 2267 637 2348 Pighium
657 2274 743 2334 Anu.
763 2275 823 2348 lll,
847 2293 880 2354 p.
905 2273 959 2347 28,
981 2287 1015 2338 et
1029 2273 1104 2336 201.
1127 2275 1241 2334 Noster
1262 2283 1456 2334 tamencum

349 2365 404 2440 illa
422 2367 540 2430 iamdiu
565 2367 645 2430 nihil
668 2386 831 2434 commune
859 2370 965 2443 habet,
987 2389 1052 2450 qne
1074 2366 1237 2434 Ciceronis
1253 2369 1349 2433 etism
1367 2381 1457 2430 etate

350 2463 503 2538 occurrit,
519 2466 661 2546 quamvis
676 2466 846 2530 bonoribus
864 2488 928 2531 non
954 2465 1129 2532 nobilitata.
1152 2469 1200 2532 De
1224 2467 1358 2534 nominis
1376 2467 1453 2528 sori·

348 2575 441 2642 ptura
455 2582 506 2624 res
522 2575 570 2624 est
583 2559 716 2624 incerta.
742 2565 821 2626 Nam
829 2576 862 2626 et
883 2579 965 2644 oelet
983 2588 1014 2628 ιε
1038 2566 1239 2649 preferentes
1260 2575 1457 2628 monumenta

346 2679 432 2724 aerea
446 2656 622 2742 etlapidsa‚
650 2661 760 2741 quibus
775 2662 932 2739 nitantur,
952 2665 1080 2730 habent
1099 2667 1138 2728 V.
1156 2666 1274 2730 Manu.
1292 2661 1326 2730 in
1346 2663 1456 2730 Orno·

348 2757 480 2840 graphia
495 2777 522 2818 s.
538 2757 598 2820 boo
619 2758 756 2824 nomine.
773 2761 931 2824 Praeterea
944 2761 1039 2824 etiam
1051 2775 1166 2826 nomen
1180 2759 1227 2826 sio
1241 2760 1398 2842 reperitur
1409 2761 1457 2822 de-

347 2869 523 2938 pravatum,
538 2867 575 2918 ut
590 2854 737 2916 Coecdim
745 2876 805 2939 pro
820 2857 922 2932 Ceto,
935 2869 968 2920 et
981 2879 1106 2922 rursum
1121 2859 1236 2922 Cetus
1250 2877 1308 2944 pro
1326 2857 1454 2921 Cecttte

347 2956 480 3034 legatam.
499 2951 578 3020 Vide
591 2956 718 3017 Ruhnk.
734 2957 775 3018 ad
794 2955 954 3020 Rufinian-
970 2977 1003 3038 p.
1031 2957 1110 3034 211,
1127 2957 1334 3040 probabiliter
1356 2974 1456 3018 emen·

351 3054 496 3127 dantem3
511 3065 547 3114 et
560 3052 702 3114 eamdem
715 3053 757 3113 ad
771 3053 880 3117 Vellei.
901 3054 942 3126 ll,
956 3051 1010 3126 68,
1036 3053 1091 3135 qui
1104 3054 1249 3118 conferre
1258 3053 1352 3136 jubet
1372 3050 1452 3114 Plin.

349 3155 387 3214 ll.
404 3155 444 3214 N.
459 3153 532 3225 vll,
549 3151 603 3224 ts,
620 3171 680 3231 qino
693 3164 799 3216 umen
812 3154 881 3216 loeo
896 3171 959 3214 non
972 3172 1080 3217 omnes
1097 3154 1252 3220 codicesa
1266 3173 1342 3218 rero
1364 3153 1450 3216 aber·

348 3250 544 3312 rarunt.Sed
554 3249 646 3323 alter,
659 3269 754 3329 quem
766 3250 873 3326 affert,
891 3247 988 3317 Plinii
998 3255 1095 3331 locus,
1112 3253 1243 3330 XXVH,
1260 3254 1292 3328 2,
1309 3273 1372 3318 non
1384 3244 1456 3312 satis

344 3361 454 3412 certus
473 3359 543 3421 est;
559 3358 591 3409 et
607 3349 691 3410 hunc
714 3348 777 3412 alia
798 3353 1030 3432 opportunitate
1047 3351 1218 3436 separatim
1239 3347 1453 3424 narrabimus·

349 3450 509 3531 Appianis
529 3460 680 3530 preterea
692 3461 726 3512 et
744 3450 804 3514 Dio
818 3451 918 3528 XLll,
937 3453 991 3528 22,
1009 3455 1047 3518 de
1063 3453 1164 3518 nostri
1187 3450 1280 3519 Caelii
1301 3451 1457 3520 tribunatu

348 3551 520 3630 loquentes,
538 3549 684 3612 mendose
702 3549 860 3612 caetae
874 3565 1001 3616 vocant.
1022 3552 1071 3616 Cl.
1087 3549 1243 3620 Priscian.
1266 3555 1322 3628 vt,
1348 3571 1380 3634 p.
1398 3549 1456 3612 243

348 3653 435 3714 etib.
449 3650 554 3714 varias
565 3645 728 3712 lectiones.
757 3654 799 3714 At
810 3672 829 3714 a
839 3651 1087 3718 VossioDelrist.
1103 3656 1174 3716 lat.
1187 3655 1216 3729 1,
1230 3673 1263 3735 p.
1276 3652 1331 3730 at,
1340 3647 1457 3716 Caecilii

347 3751 592 3836 nomenlnjuria
605 3749 765 3818 inventurn
777 3771 902 3829 censeo,
920 3756 1086 3837 quodqnid
1103 3755 1156 3816 bic
1169 3751 1231 3818 sibi
1241 3754 1320 3820 velit
1337 3768 1349 3818 ὁ
1378 3773 1456 3822 neia-

348 3867 430 3924 κταῐος
440 3865 528 3936 ῥήτωρ,
542 3874 604 3916 non
613 3853 800 3916 sanevideo.
814 3857 913 3918 Natus
923 3858 966 3918 ll.
980 3857 1096 3921 Coelins
1109 3855 1205 3918 Rufus
1216 3869 1306 3936 patre
1326 3853 1459 3936 equestri

348 3952 447 4033 quiin
461 3953 631 4037 municipio
645 3955 815 4018 Puteolano
833 3957 1062 4036 negotiaretur,
1084 3957 1195 4019 eedem
1207 3958 1267 4038 quo
1276 3954 1316 4018 C.
1330 3953 1456 4025 Calvus,

347 4071 445 4125 anno,
460 4050 519 4114 Cn.
535 4051 680 4117 Carbone
694 4055 755 4128 111,
768 4056 803 4116 C.
815 4057 916 4119 Mario
930 4055 968 4120 C.
984 4059 1020 4118 F.
1037 4056 1123 4119 Coss.
1143 4057 1204 4118 hoc
1217 4068 1283 4131 cst,
1300 4075 1330 4117 a.
1346 4059 1388 4124 U.
1399 4053 1455 4118 671
1517 4044 1522 4069 “

345 4132 451 4226 imin.
466 4137 555 4211 tin.
572 4153 646 4223 vn,
664 4150 1014 4236 saliniensium,
1027 4151 1221 4235 severissimo
1234 4150 1317 4223 em,
1339 4151 1450 4214 risera-

349 4246 430 4308 libus
444 4247 575 4310 honeste
590 4248 727 4310 eruditus
742 4261 798 4323 cst,
816 4252 900 4313 etad
916 4251 1103 4313 Ciceronem
1128 4264 1160 4312 et
1182 4251 1222 4312 Μ.
1246 4249 1391 4312 Crassum
1406 4248 1458 4310 ad·
1547 4317 1551 4326 Ι
