3212 5326
697 433 759 505 121

174 581 326 642 dinatum
341 575 475 651 pretinm
497 587 646 648 paccare
671 569 756 630 hond
785 583 874 654 atque
895 575 1035 644 strenuis,
1058 572 1279 644 decurionatus,

174 682 358 757 optionatus,
378 671 480 732 hastos
492 670 650 730 donaticas
660 669 798 754 aliosque
812 667 952 730 honores.
1047 701 1049 706 ,
1320 659 1322 662 ’

211 826 370 898 optionatus]
379 821 475 894 gradus
487 832 621 872 etmunus
633 831 675 872 est
687 817 813 891 optionis.
826 819 957 890 Optiones
969 817 1039 892 apud
1052 822 1195 875 exercitum
1205 825 1285 878 iidem

247 923 320 974 sunt,
330 907 377 978 qui
385 906 451 958 alias
461 905 565 957 accensi
571 898 710 957 dicuntur.
721 903 847 957 Creuzer.
859 904 954 976 Antiq.
961 903 1039 956 Rom.
1054 907 1077 974 §.
1093 906 1155 958 iii.

210 998 293 1051 tarta
304 993 439 1060 mttere]
453 993 473 1046 i.
484 1009 509 1046 e.
520 991 612 1054 hastae,
626 991 725 1063 quibus
737 991 837 1046 milites
850 991 1027 1044 donabantur.
1043 993 1168 1046 Creuzcr.
1183 997 1205 1064 ς.
1222 999 1284 1052 160,

251 1080 386 1151 inscriptt.
406 1077 504 1130 Orellii
521 1097 550 1130 n.
567 1076 653 1134 diii:
670 1076 752 1129 Donr's
763 1076 858 1130 ὼιιαίο
871 1077 904 1128 ab
920 1075 982 1146 z’nsp.
1000 1076 1093 1130 Severo
1112 1086 1139 1132 ct
1157 1080 1288 1134 Antonino

252 1167 346 1237 Augg.
357 1161 435 1215 hsta
442 1179 527 1232 pura,
538 1178 630 1212 sorem
641 1178 732 1214 west.
812 1181 815 1188 ·

221 1301 297 1365 Lien
307 1293 339 1386 p.
349 1302 388 1363 ts
398 1300 471 1362 huic
480 1295 618 1362 orationi
626 1299 745 1362 addidit
754 1301 813 1360 dno
823 1298 1009 1380 fragmenta,
1020 1321 1086 1382 quac
1096 1301 1290 1369 exoratione

180 1409 221 1470 dc
230 1403 314 1468 bello
323 1397 578 1481 Carthaginiensi
588 1402 737 1483 decerpta
748 1413 832 1464 sunt.

428 1613 457 1674 3.
483 1611 567 1674 Caro
589 1631 632 1672 tn
653 1607 793 1674 mentun
815 1634 854 1674 us
876 1634 1039 1677 rainnero.

222 1794 296 1854 tine
310 1785 412 1853 oratio
425 1785 549 1852 ridetur
562 1788 674 1852 habita
688 1810 772 1852 anno
788 1794 866 1865 tte,
892 1813 962 1856 cnm
983 1813 1022 1856 ex
1042 1791 1194 1876 Hispania
1210 1792 1287 1856 Cato

182 1889 351 1974 proconsul
360 1886 510 1948 redierat.
526 1885 742 1966 Imperatores
753 1888 839 1950 enim
849 1887 984 1952 Romani
994 1892 1030 1954 in
1039 1891 1189 1953 concione
1200 1903 1291 1954 extra

182 1991 295 2052 urbem
318 2006 405 2050 more
429 1985 581 2066 majorum
603 1999 678 2048 ante
703 1984 854 2070 triumphi
876 1987 959 2051 diem
981 1991 1123 2054 ordinem
1148 2003 1289 2052 actorum
1344 2002 1355 2054 l

182 2107 311 2151 suornm
326 2101 566 2150 commemorare
582 2085 742 2159 solebant,
765 2099 800 2147 ut
818 2085 956 2154 Velleius
970 2093 996 2165 l,
1012 2090 1107 2166 10,1,
1131 2089 1288 2152 memoriae

182 2182 326 2250 tradidit.
353 2181 462 2247 Livius
481 2179 630 2258 XXXIV,
651 2181 952 2249 testimonias
975 2189 1052 2250 Cato
1075 2209 1114 2249 ex
1137 2185 1288 2270 Hispania

182 2277 399 2366 triumphavit.
416 2277 501 2344 Tulit
512 2275 546 2340 in
557 2297 595 2340 eo
604 2279 763 2362 triumpho
772 2285 896 2360 argenti
908 2281 1018 2347 iniecti
1028 2281 1142 2365 viginti
1152 2281 1288 2366 quinque

182 2381 281 2447 millia
293 2382 409 2465 pondo,
431 2377 532 2459 bigati
546 2389 672 2440 centum
685 2375 800 2460 uiginti
814 2378 875 2443 tria
890 2381 1006 2458 millia,
1033 2383 1180 2448 Oscensis
1201 2379 1290 2466 qnih-

182 2491 278 2561 gentn
292 2473 511 2560 quadraginta,
528 2471 598 2536 anri
611 2476 714 2558 pondo
728 2472 814 2539 mille
827 2475 1066 2560 quadringenta.
1084 2478 1236 2543 Militibus
1249 2503 1289 2544 ex

181 2583 285 2668 prada
309 2575 417 2640 divisit
439 2573 473 2640 in
497 2575 634 2655 singulos
659 2577 796 2640 ducenos
819 2594 1027 2662 septuagenos
1052 2583 1143 2656 reris,
1171 2579 1287 2666 triplex

182 2677 290 2764 equiti.
302 2705 317 2738 ι
327 2673 433 2767 [Cani.
447 2699 477 2740 c.
489 2675 543 2749 ii,
557 2688 590 2737 et
601 2673 728 2750 XXXV,
742 2673 893 2762 9.]-sic
904 2683 1100 2744 statuendum
1113 2702 1181 2744 esse
1192 2696 1283 2763 puto:

167 2784 237 2846 ,sed
260 2775 427 2862 inscriptio
450 2770 604 2838 orationis
626 2770 662 2833 in
686 2774 779 2848 aliam
803 2773 899 2838 nimis
923 2778 1082 2858 quaesitam
1107 2779 1287 2862 opinionem
1318 2781 1358 2855 19

182 2877 270 2963 prius
283 2897 334 2939 me
348 2877 491 2936 duxerat.
511 2870 659 2936 Solemne
673 2882 757 2944 erat,
777 2886 918 2936 asenatn
932 2877 1060 2936 decerni
1075 2878 1285 2956 triumphum:

184 2997 258 3041 raro
271 2977 371 3038 invito
384 2983 495 3035 senatu
509 2970 640 3052 populus
654 2966 688 3030 id
699 2966 786 3032 iecit.
804 2971 871 3033 Liv.
885 2975 942 3048 Ill,
957 2975 995 3038 63
1008 2998 1016 3049 ;
1032 2975 1168 3049 Vll,1'l.
1185 2975 1289 3058 Suspi-

184 3080 410 3150 tabernatam,
427 3072 460 3134 id
478 3069 580 3154 ipsum
598 3068 806 3154 inscriptione
819 3073 948 3137 Catonis
963 3073 1148 3156 significari.
1171 3079 1289 3142 Narrat

184 3174 270 3241 euim
282 3171 469 3259 Plutarchus
486 3168 556 3233 Cat.
570 3189 599 3231 c.
617 3169 675 3230 11:
699 3166 895 3252 Scipionem,
911 3172 1040 3236 Catonis
1059 3172 1237 3250 inimicum,
1254 3173 1288 3238 in

184 3270 407 3358 proconsulatu
421 3263 580 3350 Hispanico
599 3263 629 3326 ei
649 3268 817 3330 succedere
831 3267 980 3345 voluisse,
1006 3285 1038 3333 et
1058 3285 1200 3354 questum
1221 3293 1290 3344 esse

113 3450 114 3454 Ἰ
183 3375 225 3438 de
242 3373 338 3437 rebus
355 3371 422 3453 ejus
439 3363 547 3446 gestis.
572 3367 664 3433 Unde
679 3365 880 3446 colligebam,
898 3368 1093 3454 Scipionem,
1111 3373 1290 3459 principem

185 3484 323 3544 senatus,
338 3465 451 3532 Catoni
467 3464 659 3546 triumphum
674 3461 799 3542 rogami
812 3465 981 3544 obstitisse,
1003 3471 1048 3532 ita
1068 3483 1102 3530 ut
1122 3487 1230 3533 orator
1250 3469 1290 3533 ad
1309 3489 1310 3492 ’

186 3570 331 3652 populum
346 3567 385 3628 de
399 3583 434 3626 re
449 3560 606 3626 retulerit.
630 3561 730 3633 Idem,
746 3565 828 3642 qnod
842 3563 1044 3639 Plutarchus,
1062 3567 1160 3628 Corn.
1173 3569 1288 3650 Nepos,

186 3667 253 3733 Vit.
262 3666 370 3732 Cato
379 3663 411 3738 2,
421 3660 560 3724 tradidit.
575 3663 692 3724 Verum
700 3661 865 3735 Weherus'
875 3662 1072 3726 acutissimus
1082 3665 1154 3728 vitae
1164 3667 1292 3731 Catonis

189 3770 369 3838 enarrator,
382 3779 455 3842 pag.
468 3758 508 3846 21
526 3759 561 3820 *id
581 3757 615 3820 in
636 3755 676 3820 iis
697 3759 793 3822 habet
812 3761 945 3840 labellis,
965 3785 1040 3846 quas
1054 3767 1088 3827 in
1105 3765 1292 3830 calumniam

192 3859 335 3929 Africani
349 3853 550 3918 inimicorum
566 3854 676 3936 aliquis
690 3852 888 3922 confinxerit.
904 3861 981 3924 Cum
995 3873 1098 3924 antem
1114 3859 1219 3946 Scipio
1231 3866 1292 3926 Na·

193 3961 270 4032 sica,
283 3951 435 4040 patruelis
449 3948 610 4025 Africani,
623 3949 657 4014 in
672 3949 859 4034 Hispaniam
869 3955 1057 4022 'ulteriorem
1069 3959 1187 4027 Catone
1205 3965 1293 4026 dece·

194 4063 289 4124 dente
299 4054 412 4118 missus
425 4050 529 4128 luerit,
540 4065 628 4123 recte
639 4050 765 4118 Bcsium
774 4057 814 4116 ad
824 4059 974 4141 Nepotem
987 4060 1143 4143 judicasse
1157 4062 1246 4142 dicit,
1254 4085 1296 4129 ox

197 4159 256 4220 hac
267 4147 494 4249 permutatione
503 4149 785 4237 illamnatamesse
795 4153 992 4220 calumniam.

236 4247 396 4316 Priscian.
416 4247 477 4322 lll‚
494 4250 523 4324 1,
540 4246 841 4328 p;1080d.Krehl=
865 4253 1073 4320 Inveniuntur
1091 4260 1226 4338 quadam
1245 4259 1296 4318 ad-

1093 4373 1125 4422 16
