3212 5326
823 377 891 450 tto

306 521 429 572 secutus
444 523 491 572 est
503 514 632 594 Popme.
646 515 686 574 Et
700 533 807 575 verum
822 517 959 588 videtur,
985 515 1039 576 sed
1053 515 1245 587 exciderunt,
1264 513 1298 573 ni
1312 513 1413 586 lallor,

310 607 446 688 quaedam
463 607 724 697 antemnarum]
749 615 839 694 Apud
854 612 1066 691 Laurenberg.
1083 613 1117 672 in
1142 609 1323 691 Antiquario
1338 631 1362 672 s.
1382 631 1413 670 v.

310 707 446 783 legitur:
464 705 542 766 Hon.
559 709 821 787 redemptitavere.
870 743 872 748 ·

352 807 433 866 Plut.
457 807 491 867 in
505 809 583 886 Reg.
601 819 633 868 et
649 811 797 890 Imperat.
821 809 1062 891 Apophthegm„
1085 807 1164 872 Cato
1186 829 1217 869 n.
1244 807 1282 867 10
1295 813 1418 868 summ

311 903 338 956 tt
359 910 417 974 ὁρῶν
431 905 599 977 ἀνισταμένους
614 906 770 979 ἀνδριάντας,
790 910 863 980 Ἐμοῦ
883 907 928 974 δὲ,
949 911 1003 978 ἔφη,
1019 911 1109 980 ἐρωτᾷν
1130 907 1246 977 βούλομαι
1264 911 1353 978 μᾶλλον
1366 907 1420 964 τοὺς

312 1003 457 1072 ἀνθρώπους,
477 1001 519 1054 διὰ
534 1003 557 1055 τὶ
572 1003 670 1076 ἀνδριὰς
684 1008 710 1056 οὐ
725 1010 803 1058 κεῖται
817 1007 931 1065 Κάτωνος
945 1008 961 1064 ἢ
980 1004 1021 1058 διὰ
1035 1007 1058 1058 τί
1071 1009 1164 1070 aticum
1287 997 1290 1002 ¹

248 1096 291 1165 37
359 1104 402 1163 At
415 1102 544 1164 fortasse
554 1102 588 1164 in
603 1105 662 1166 hac
678 1105 818 1168 oratione
832 1119 941 1168 contra
952 1106 1105 1166 luxuriam
1119 1106 1219 1186 potius
1236 1103 1350 1166 civium
1361 1102 1422 1166 dis-

317 1199 426 1274 seruit,
443 1197 495 1280 qui
518 1201 625 1280 signis,
650 1202 773 1276 tabulis,
799 1201 908 1265 statuis
929 1205 1035 1265 domus
1049 1201 1233 1284 implebant,
1248 1215 1301 1263 aut
1316 1215 1424 1264 contra

319 1295 521 1363 ambitionem
536 1321 654 1376 eorum,
675 1303 728 1384 qui
740 1303 800 1364 sibi
811 1304 844 1366 in
856 1301 1028 1384 provinciis
1039 1304 1089 1364 vel
1103 1303 1209 1365 Romae
1221 1315 1339 1362 statuas
1347 1301 1421 1382 poni

321 1399 481 1473 amabant,
498 1413 534 1460 ut
547 1422 586 1462 ex
606 1383 774 1465 Plutarcho
792 1403 862 1466 Cat.
878 1423 949 1484 cap.
970 1404 1008 1468 19
1034 1398 1217 1480 colligimus.
1235 1401 1304 1482 Quo
1325 1414 1425 1462 autem

321 1499 421 1578 magis
445 1501 484 1560 ad
497 1501 578 1562 lianc
595 1502 777 1584 opinionem
792 1503 953 1577 inclinem,
970 1503 1091 1564 Plinius
1103 1501 1190 1574 iacit,
1208 1501 1308 1579 quiin
1326 1502 1365 1560 H.
1386 1501 1425 1560 Ν.

321 1595 469 1672 XXXIV,
486 1600 516 1672 6,
527 1599 620 1660 dicit:
634 1601 670 1658 t.
680 1599 757 1659 Piso
768 1601 916 1677 prodidit,
931 1599 983 1660 M.
998 1599 1144 1672 sEmilic,
1162 1598 1199 1656 C.-
1211 1596 1366 1674 Pompilio
1375 1597 1425 1658 11.

327 1693 413 1752 Coss.
436 1686 479 1778 [a.
499 1697 541 1762 U·
560 1693 635 1785 595]
653 1719 673 1756 a
689 1697 867 1756 censoribus
884 1697 924 1758 Ρ.
953 1695 1095 1756 Cornelio
1121 1694 1278 1772 Scipione,
1301 1693 1348 1754 M.
1365 1691 1429 1752 Po·

322 1791 400 1868 pilio
413 1805 527 1852 statuas
542 1797 626 1870 circa
632 1796 746 1876 summ
760 1791 876 1864 eorum,
897 1799 950 1877 qui
965 1797 1163 1871 magistratus
1178 1804 1347 1870 gesserunt,
1365 1789 1431 1850 sub·

324 1887 404 1948 latas
423 1911 530 1952 omnes
547 1875 665 1970 prater
687 1913 752 1967 eac,
768 1915 836 1978 quce
855 1895 964 1972 populi
986 1907 1037 1951 aret
1061 1904 1182 1952 senatus
1204 1893 1350 1948 sententia
1373 1905 1430 1949 sta·

325 2001 397 2048 tutae
411 2007 522 2052 essem.
544 1993 677 2054 Exstant
695 1993 820 2052 Catcms
838 1999 870 2050 in
884 2013 1012 2054 censura
1031 1992 1282 2072 vociferationes,
1299 1989 1433 2048 mulieri-

327 2083 381 2144 bus
395 2087 544 2149 Romanis
557 2093 588 2147 in
596 2087 764 2168 provinciis
776 2104 889 2148 statuas
897 2094 984 2168 poni,
1001 2109 1057 2147 nec
1069 2103 1172 2146 tumen
1180 2090 1275 2165 potuit
1283 2077 1432 2158 inhibere,

288 2266 290 2272 γ
326 2204 385 2266 quo
405 2191 506 2266 miuus
527 2189 638 2248 Ilomte
663 2207 779 2272 quoque
794 2195 988 2264 ponerentur,
1018 2191 1096 2246 sicut
1113 2185 1267 2246 Cornelia
1282 2178 1434 2242 Graccho·
1531 2179 1535 2186 '

327 2300 396 2373 rum
411 2287 515 2351 matri,
531 2284 675 2368 qucefuit
689 2284 836 2366 Africam
847 2287 963 2366 prioris
970 2283 1054 2366 filia.
1073 2283 1198 2363 Pighius
1219 2283 1262 2352 ad,
1275 2301 1349 2342 anu.
1374 2279 1434 2340 569

328 2397 401 2458 pag.
421 2379 489 2440 311-
502 2379 602 2441 dicit:
625 2407 639 2436 ι(
655 2381 795 2443 Latravit
810 2383 1011 2444 vehementer
1029 2383 1121 2449 etiam
1147 2381 1225 2444 Cato
1241 2393 1352 2444 contra
1373 2389 1435 2442 stu·

330 2489 453 2539 tuarum
472 2481 591 2555 turbas,
612 2503 741 2563 eamque
767 2483 933 2564 superbam
950 2482 1331 2562 ambitionemoegerrimc
1352 2479 1436 2550 tulit,

330 2579 411 2658 quod
425 2599 464 2641 ex
477 2582 647 2644 Plutarcho
663 2579 811 2644 discimus
829 2595 861 2644 et
876 2585 956 2664 apud
969 2582 1104 2644 Plinium
1119 2583 1259 2670 legimus.
1278 2577 1438 2664 (Sequitur

331 2674 417 2736 locus
437 2679 528 2738 modo
553 2677 754 2765 exscriptus.)
778 2679 969 2768 Quoelverba
989 2681 1206 2742 demonstrant
1231 2679 1328 2750 clare,
1345 2675 1439 2752 Plinii

331 2789 471 2857 tempore
487 2777 616 2840 Catonis
629 2781 804 2842 orationem
818 2782 856 2838 de
865 2784 974 2840 statuis
992 2775 1078 2840 inter
1093 2779 1169 2840 alias
1176 2778 1343 2854 exstitisse,
1359 2775 1440 2836 sieut

329 2873 385 2935 illa
402 2875 440 2932 de
454 2879 548 2954 signis
559 2890 588 2934 et
603 2877 724 2946 tabulis,
739 2875 826 2958 cujus
840 2874 983 2938 meminit
996 2876 1103 2938 Festus
1118 2877 1151 2936 in
1167 2877 1241 2935 ded.
1265 2901 1278 2931 ν
1296 2911 1334 2922 -
1349 2873 1440 2933 Vide·

330 2993 408 3047 mus,
426 2973 600 3046 orationem
611 2977 659 3054 De
671 2980 765 3054 signis
779 2991 809 3034 et
823 2975 934 3034 tabulis
950 2975 989 3036 ab
1009 2973 1063 3036 illa
1077 2975 1129 3036 De
1138 2979 1245 3042 statuis
1258 2971 1405 3050 distingui
1421 2993 1439 3044 a

331 3073 452 3151 Pighio,
473 3077 516 3134 ita
532 3088 565 3134 ut
581 3095 728 3160 numerus
747 3075 924 3138 orationum
938 3095 1020 3138 nova
1042 3089 1210 3156 augeatur.
1225 3075 1320 3138 Malui
1334 3087 1443 3136 autem.

333 3171 489 3256 accipere,
521 3174 673 3236 Catonem
685 3176 719 3236 in
739 3174 794 3234 illa
814 3175 851 3233 de
871 3179 967 3256 signis
987 3191 1017 3235 et
1040 3177 1149 3236 tabulis
1171 3173 1266 3239 etiam
1282 3179 1321 3235 ale
1336 3179 1440 3236 statuis

333 3275 531 3356 praecepisse.
548 3274 731 3338 Orationem
751 3259 1168 3358 ejusdensfercargumenci
1189 3279 1287 3339 multo
1310 3289 1380 3359 post
1395 3277 1438 3338 Μ.

334 3375 486 3458 Agrippa,
506 3377 637 3454 Augusti
651 3377 842 3458 temporibus
857 3378 972 3452 clarus,
991 3380 1030 3440 de
1044 3381 1159 3444 tabulis
1174 3377 1318 3450 omnibus
1331 3375 1439 3460 signis·

335 3497 393 3562 que
408 3477 603 3560 publicandis
617 3477 737 3553 hahuit,
755 3475 788 3539 ut
803 3471 886 3540 inira
900 3479 1048 3540 dicemus.

581 3642 632 3703 26.
657 3661 766 3704 onnam
781 3661 820 3704 uu
834 3661 1014 3704 vussinum
1028 3660 1200 3703 marconis.

378 3795 483 3860 Livius
495 3797 645 3874 xxxlx,·
667 3797 708 3858 44
722 3818 729 3857 :
748 3799 936 3858 Ornamenta
947 3813 977 3857 et
990 3814 1109 3860 vestem
1123 3795 1304 3855 muliebrem
1315 3807 1350 3868 et,
1358 3787 1440 3851 velii-

336 3897 416 3968 cula,
434 3921 503 3983 quie
513 3899 611 3978 pluris
625 3920 717 3983 quam
729 3898 902 3982 quindecim
912 3899 1043 3960 millium
1058 3902 1133 3960 ceris
1147 3911 1258 3966 essent,
1273 3899 1305 3954 in
1319 3911 1440 3962 censum

337 3996 456 4073 referre
476 3999 612 4056 viatores
625 3993 731 4078 jussit.
748 4031 791 4043 -
806 3997 854 4056 De
868 3997 927 4056 hac
942 4017 977 4058 re
991 3996 1061 4060 vide
1075 3993 1229 4060 Niebuhr.
1252 3991 1332 4055 IIist.
1350 3994 1437 4056 Rom·

266 4079 310 4170 38
337 4097 399 4158 vol.
423 4097 465 4166 II,
488 4116 519 4176 p.
543 4095 604 4159 456
625 4097 673 4158 cd.
702 4117 780 4172 scu,
803 4097 972 4160 Schlosser.
1005 4097 1148 4160 llrzivers.
1169 4096 1300 4154 Uebers.
1319 4092 1381 4154 vol.
1399 4090 1439 4160 II,

331 4198 604 4281 pactapact.
628 4197 705 4260 Cato
719 4197 821 4278 jussit,
841 4211 875 4258 ut
899 4195 1092 4280 supellectile
1124 4199 1241 4270 domus,
1271 4196 1351 4276 quod
1376 4191 1450 4273 plus
