3200 5344
865 399 936 475 208

420 647 453 709 6.
476 662 624 708 sauosuo
638 665 667 706 u.
681 663 822 708 sauream
836 662 1106 722 mussemutinae
1120 663 1237 709 usssuo
1250 661 1385 712 masma.

398 863 655 932 Scholvatiean.
665 863 816 927 adCieer.
825 863 881 929 Or.
890 883 948 948 pro
959 861 1112 941 Milone'l,
1121 865 1152 943 2,
1164 883 1195 949 p.
1204 864 1263 928 est
1273 866 1322 928 ed.
1333 867 1458 932 Orell.·:

356 967 455 1049 Super
464 961 606 1026 Africani
618 957 761 1024 laudibus
772 973 878 1026 ‘exstat
891 953 993 1026 oratio
1002 961 1040 1026 C.
1054 961 1129 1026 Loeli
1139 963 1306 1048 Sapientis,
1317 983 1377 1046 qua
1387 982 1461 1028 usus

356 1063 531 1141 rideturQ.
543 1061 658 1124 Fabius
668 1057 823 1124 Maximus
843 1057 879 1124 iu
898 1058 1075 1125 laudatione
1094 1062 1208 1124 mortui
1225 1058 1398 1146 Scipionis3
1423 1061 1459 1126 iu

357 1161 443 1243 eujus
452 1173 591 1223 extrusa
601 1169 693 1241 parte
703 1159 769 1220 heo
779 1157 878 1221 verba
888 1167 979 1221 suat:

403 1263 606 1345 Quapropter
617 1279 712 1345 neque
723 1275 806 1320 tanta
814 1261 875 1320 diis
884 1257 1109 1320 immortalibus
1118 1263 1219 1338 gratia
1229 1255 1341 1318 baberi
1345 1273 1462 1338 potest,

356 1377 470 1447 quanta
481 1359 620 1422 tamara
632 1373 690 1434 est,
705 1360 789 1445 quod
799 1356 909 1419 iseum
923 1357 977 1418 illo
990 1363 1093 1420 animo
1106 1372 1195 1444 atque
1209 1361 1334 1438 iugenio
1352 1361 1385 1417 in
1402 1357 1463 1418 bac

357 1469 476 1527 civitate
486 1465 683 1544 potissimum
697 1475 784 1522 uastas
797 1474 855 1534 est,
871 1451 1020 1544 neque'ita
1035 1459 1160 1520 moleste
1170 1473 1260 1545 atque
1270 1461 1461 1542 oegrefim',

357 1563 624 1649 quamferuudum
636 1577 693 1633 est,
703 1583 772 1622 eum
781 1581 818 1622 eo
829 1559 939 1622 morbo
952 1575 1083 1634 mortem
1092 1561 1167 1622 obiit
1180 1575 1210 1621 et
1223 1565 1255 1620 in
1265 1561 1377 1620 eodem
1386 1573 1462 1620 tem·

356 1685 432 1746 pore
437 1667 544 1744 periit,
553 1684 623 1724 cum
631 1661 756 1724 etvobis
765 1677 795 1723 et
805 1661 958 1734 omnibus,
966 1666 1019 1748 qui
1027 1659 1105 1723 bane
1113 1661 1461 1747 rempublicamsalrum

359 1763 475 1838 volunt,
487 1764 627 1824 maxime
637 1763 707 1825 uiro
716 1781 792 1841 opus
801 1774 893 1836 esset,
909 1760 1059 1842 Quirites.

394 1919 574 1991 quapropter]
585 1913 727 1987 legendum
737 1927 905 1990 quapropter·
937 1991 939 1998 Ι

396 2051 549 2120 induerim]
559 2050 635 2106 deest
643 2052 672 2104 iu
682 2051 824 2112 scholiasta
832 2055 869 2104 ia.

396 2193 424 2240 in
433 2189 524 2240 eodem
533 2188 657 2258 empore]
666 2203 700 2238 au
709 2189 736 2238 in
744 2204 773 2239 so
782 2183 916 2257 tempora?
928 2184 974 2250 [Et
984 2183 1013 2236 iu
1022 2181 1090 2236 aad.
1099 2185 1120 2252 ι]
1133 2183 1165 2236 lu
1179 2181 1269 2236 codiee
1279 2181 1408 2238 Vaticano
1419 2185 1459 2240 le·

429 2273 503 2346 gitur
510 2291 569 2326 eum
581 2291 612 2325 ea
625 2275 773 2326 morborum
782 2285 806 2324 te
815 2275 893 2324 morit
901 2283 926 2324 et
933 2275 960 2323 ia
968 2271 1058 2322 eodem
1069 2283 1182 2343 mmpore
1190 2275 1284 2343 petuit5
1295 2270 1367 2326 uude
1377 2273 1462 2326 Maius

432 2375 489 2410 eam
503 2356 644 2410 lectionem
657 2356 750 2421 fiuxit,
762 2373 842 2426 quam
857 2353 955 2426 recepi.
974 2355 1144 2408 Praetermisit
1155 2369 1244 2409 autem
1256 2355 1359 2426 aliquot
1371 2354 1461 2410 literas

433 2459 493 2492 rum
506 2451 531 2492 te
542 2457 582 2504 m,
600 2455 667 2508 quus
679 2457 728 2510 per
739 2437 863 2509 ustibsuu
875 2430 1014 2508 corruptas
1026 2454 1084 2490 assa
1098 2457 1113 2490 a
1125 2439 1256 2492 uocabulo
1268 2451 1376 2493 manua
1387 2437 1461 2510 judi·

432 2518 638 2585 caritot-allius,
647 2520 685 2574 ita
697 2531 729 2573 ut
740 2519 813 2592 legas
821 2523 877 2574 eum
889 2537 919 2573 eo
932 2521 1021 2571 morbo
1034 2531 1140 2574 morum
1150 2523 1224 2576 abiit.
1238 2521 1271 2574 lu
1284 2521 1461 2592 sequentium

432 2627 496 2680 opus
506 2620 545 2662 est
556 2605 666 2662 fortasse
678 2604 821 2680 legendum
833 2606 884 2660 erit
896 2623 961 2680 opus
973 2617 1047 2660 esset.
1058 2607 1218 2678 [Utrumque
1230 2607 1389 2682 recepimus,
1400 2625 1458 2660 suta

432 2704 503 2746 cesta
513 2691 675 2760 sideman]

405 2833 517 2898 Cioero
536 2835 600 2896 Pro
616 2832 738 2894 Mareu.
758 2851 789 2894 c.
807 2830 867 2896 36:
883 2830 1072 2911 Africanum
1086 2849 1157 2890 cm
1176 2849 1319 2911 ammae
1331 2827 1459 2914 eju-ade

362 2927 515 2996 Maximus
527 2927 674 3004 laudaret,
685 2931 803 3008 gratias
816 2931 880 3008 egit
893 2927 955 2986 diis
970 2925 1203 2996 immortalibus,
1213 2926 1295 3011 quod
1304 2925 1359 2986 s‘lle
1368 2929 1421 2986 vir
1429 2930 1458 2985 in

362 3029 419 3090 bac
433 3026 595 3106 republica
609 3028 810 3102 potissimum
826 3035 914 3084 natus
929 3037 1033 3086 esset.-
1052 3042 1176 3086 neeesse
1191 3023 1400 3104 animfiaisse,
1418 3023 1459 3084 ib·

363 3145 431 3188 esse
444 3139 598 3184 terrarum
614 3125 790 3202 imperium,
805 3120 859 3180 ubi
871 3120 922 3182 ills
935 3135 1025 3184 asset.

400 3271 554 3338 Maximus]
565 3273 599 3339 Q.
610 3269 707 3323 Fabius
721 3271 861 3336 Maximus,
873 3271 953 3325 frater
966 3273 1085 3326 Africani
1097 3273 1217 3338 minoris,
1231 3291 1292 3326 eum
1305 3284 1415 3343 uurque
1426 3273 1459 3326 sit

434 3355 508 3408 lilius
516 3353 549 3406 L.
556 3351 655 3405 AEmilii
661 3352 748 3418 Pauli,
758 3352 916 3408 utVelleius
924 3355 1055 3408 memoriae
1065 3355 1183 3421 tradidit,
1192 3357 1214 3418 l,
1226 3357 1258 3410 to
1267 3377 1274 3408 z
1283 3355 1364 3410 Luca
1374 3357 1457 3412 Paulo

433 3431 709 3515 qaauaorsilllfaere.
730 3439 774 3491 Eu
787 3441 907 3507 bladum,
923 3455 987 3495 natu
1003 3443 1124 3516 madores,
1136 3461 1217 3495 unum
1229 3443 1267 3495 P.
1282 3441 1410 3514 Saipabm',
1423 3441 1455 3493 P.

435 3529 561 3598 Africani
560 3527 637 3602 filiu,
651 3527 718 3579 nibli
730 3546 764 3580 ear
774 3539 884 3600 paterna
897 3524 1029 3604 majestate
1037 3543 1133 3602 prater
1146 3533 1255 3601 speeiem
1269 3524 1379 3584 nomime
1390 3533 1457 3602 m'ga

435 3633 539 3689 remque
559 3617 710 3688 eloquentie
726 3620 860 3679 retinenti,
880 3620 907 3668 iu
926 3619 1091 3688 adoptionem
1102 3611 1233 3683 ‘dederam
1252 3617 1363 3671 aberam
1382 3619 1455 3670 Fabio

435 3699 568 3752 aMaaimo.
586 3698 673 3752 uiuus
690 3700 724 3766 Q.
739 3698 814 3752 Fabii
832 3699 938 3752 Maximi
954 3699 1090 3754 AEmiliaui
1106 3697 1159 3752 suit
1169 3701 1205 3767 Q.
1219 3700 1316 3752 Fabius
1333 3701 1456 3755 Maximus

435 3781 630 3854 Allobrogicus,
641 3793 672 3833 ut
685 3781 754 3834 idam
762 3781 883 3837 Velleius
895 3782 1004 3836 tradidit
1013 3785 1047 3845 11,
1062 3783 1107 3838 102
1117 3779 1215 3852 Eoduu
1223 3795 1310 3838 traam
1318 3795 1455 3856 temporum

435 3879 460 3920 et
471 3870 580 3924 Donaitii
594 3887 627 3920 eu
640 3867 768 3922 Arvernis
785 3881 809 3920 et
821 3869 901 3922 Fabii
915 3887 949 3922 en
962 3869 1153 3943 Allobrogibus
1169 3873 1276 3924 matoria
1282 3869 1344 3938 fuit
1360 3871 1454 3924 nobilis.

359 3965 363 3974 ’
436 3945 530 4016 Fabio,
546 3949 629 4004 Pauli
639 3955 735 4021 nepoti,
750 3969 783 4002 ex
796 3955 906 4005 viatoria
918 3969 1060 4022 cognomen
1072 3950 1245 4024 Allobrogico
1257 3953 1370 4006 induam
1382 3953 1415 4021 (a.
1425 3953 1454 4004 U.

437 4033 511 4102 ott).
524 4034 591 4086 Eum
602 4049 663 4086 eum
676 4046 750 4105 patra
764 4033 934 4092 commutavit
945 4035 1049 4088 Plinius
1062 4033 1334 4100 tt.1t.xxx111,tl,
1347 4034 1371 4088 si
1383 4031 1454 4086 leutio

436 4131 497 4167 vera
507 4127 548 4170 est
558 4135 565 4166 a
579 4115 723 4184 Africanus
733 4119 760 4170 iu
772 4116 901 4189 triumplu
914 4119 1033 4172 militibus
1044 4121 1211 4190 septeudeaim
1222 4119 1306 4172 unsilia
1315 4120 1405 4191 pondu
1417 4118 1456 4168 da·

437 4203 486 4254 dit.
502 4201 530 4256 O
542 4207 612 4256 uiros
624 4204 669 4258 illo
682 4208 833 4276 imperatore
848 4207 950 4279 dignos,
969 4205 1060 4279 quibus
1076 4205 1279 4273 boa·sutirsat't!
1299 4207 1395 4263 Frater
1404 4205 1454 4279 ὀίω
