3246 5340
161 607 226 667 lata
250 607 298 666 est
308 604 433 677 locutio,
444 602 653 686 quamhabuit
666 606 700 666 in
715 603 892 665 laudatione
906 601 1024 666 lunaris
1034 603 1183 679 Marcelli,
1196 625 1265 668 cum

162 702 292 775 diceret,
305 701 393 760 illum
404 705 581 761 immatura
592 705 686 760 morti
694 701 833 761 devotum
835 701 955 779 fuisse.
1188 707 1191 714 ‘

203 801 380 878 Marcellus,
392 799 508 864 sororis
518 799 649 881 Augusti
659 800 751 874 lilius,
777 800 855 862 obiit
867 821 896 862 a.
906 801 946 866 U.
958 800 1030 863 730.

200 900 375 962 Exstabant
388 911 540 980 praeterea
554 899 713 961 orationes
727 897 859 978 Augusti
871 899 906 960 in
920 917 961 960 aes
979 899 1097 972 incisae,
1112 901 1262 981 quartat.

156 996 289 1058 danuer.
301 997 336 1057 iu
349 1008 458 1057 senatu
470 991 603 1057 recitari
614 995 767 1058 solebant.

203 1095 263 1157 Dio
278 1097 400 1168 Caffiills
414 1093 482 1172 LX,
497 1097 514 1157 5
519 1137 528 1167 ,
543 1096 581 1158 10
595 1118 603 1157 ἓ
620 1109 680 1161 Τότι
692 1105 720 1160 dl
729 1109 813 1180 λόγους
824 1106 890 1166 τινὰς
903 1110 926 1160 ἐν
939 1115 969 1176 τῇ
983 1107 1097 1178 νουμηνίᾳ
1109 1113 1151 1159 τοῦ
1163 1126 1190 1158 τι
1212 1109 1265 1158 Αὐ-

161 1193 264 1263 γοοοτον
279 1191 321 1244 καὶ
332 1198 375 1244 τοῦ
387 1192 497 1264 Τιβερίου
505 1192 571 1246 κατὰ
579 1191 664 1266 do‘qput
675 1192 920 1266 ἀναγινωσκομένους,
933 1195 964 1254 ὥς
976 1191 1053 1246 τεκαὶ
1063 1193 1133 1263 μέχρι
1146 1199 1187 1251 τῆς
1198 1195 1265 1244 ἑσπέ-

154 1303 201 1354 ρας
225 1287 279 1342 τοὺς
290 1285 418 1348 doulam-dtr
434 1286 630 1357 reparabantur,
645 1289 747 1340 insumo
767 1287 797 1356 (d
812 1284 952 1356 Κλαύδιος),
967 1287 1054 1359 ἀρκοῦν
1067 1280 1127 1339 εἶναι
1141 1287 1226 1355 φήσας,
1241 1289 1264 1338 ἐν

153 1389 315 1446 micantea
325 1389 410 1448 αὐτοὺς
419 1388 596 1462 twa-speque.
614 1379 758 1460 Idemque
772 1389 882 1438 auctor
894 1389 958 1440 tres
967 1389 1138 1458 quatuorve
1152 1376 1265 1438 oratio·

163 1495 222 1538 nes
243 1475 373 1554 Augusti
384 1475 492 1551 refert,
518 1495 593 1556 quas
612 1476 678 1558 ipse
689 1475 833 1538 finxerat.
851 1478 912 1538 Eas
925 1476 1023 1561 igitur
1037 1476 1194 1556 respicere
1206 1495 1264 1538 nec

163 1570 248 1632 volui
260 1591 320 1636 nee
330 1571 433 1634 debui.

203 1669 278 1730 Tac.
293 1671 377 1730 Anu.
392 1669 417 1742 l,
433 1668 490 1729 10:
507 1671 663 1748 Augustus
684 1689 754 1730 cum
773 1669 900 1732 Tiberio
913 1669 1113 1732 tribuniciam
1128 1681 1264 1750 potesta·

157 1779 221 1828 tem
236 1786 255 1826 a
269 1765 410 1842 patribus
424 1783 548 1827 rursum
567 1766 761 1846 postularet,
780 1785 964 1850 quamquam
984 1769 1106 1828 honora
1125 1769 1265 1824 erutione

54 1865 58 1872 ’
158 1867 295 1948 quaedam
310 1867 348 1927 de
363 1864 481 1926 ambitu
495 1865 643 1946 vultuque
657 1880 690 1927 et
701 1867 851 1930 institutis
865 1867 932 1948 ejus
943 1865 1077 1948 jecerat,
1095 1885 1162 1946 quae
1179 1866 1264 1928 velut

55 1953 60 1966 ’
156 1968 331 2028 excusando
343 1965 561 2048 exprobraret.

192 2101 319 2170 orarr'crrte]
330 2101 448 2154 eamdem
459 2101 606 2153 orationem
620 2101 765 2154 Suetonius
780 2113 906 2154 memorat
917 2101 946 2152 in
954 2099 1043 2152 Tiber.
1054 2117 1080 2151 c.
1090 2101 1133 2152 es.

205 2237 348 2330 [Augusti
368 2241 554 2324 scriptorum
569 2241 743 2320 fragmenta
765 2241 892 2318 collegit
911 2240 1009 2301 Janus
1026 2239 1208 2320 Rutgersius
1229 2239 1263 2298 in

157 2341 253 2402 Varr.
266 2343 354 2404 Lect.
366 2342 408 2416 ll,
422 2360 453 2422 p.
471 2333 636 2429 let-180]

425 2559 551 2635 XClV.
582 2561 623 2628 T.
643 2541 800 2630 Cassius
819 2557 992 2630 Severus.

203 2791 318 2854 Seneca
335 2791 484 2870 Excerpt.
496 2788 646 2851 Controv.
667 2807 702 2848 nr
724 2785 844 2866 praelat.
858 2806 890 2868 p.
903 2785 963 2846 421
977 2784 1027 2866 (p.
1047 2787 1107 2848 395
1124 2806 1192 2867 sqq.
1212 2791 1262 2849 ed.

160 2887 266 2972 Bip.):
288 2883 416 2948 Memini
435 2905 485 2947 me
507 2905 525 2945 a
544 2881 779 2986 Serero'Cassio
793 2901 945 2962 quaerere,
961 2881 1035 2962 quid
1050 2895 1140 2958 esset,
1159 2903 1215 2946 cur
1228 2886 1264 2946 in

157 2979 436 3047 declamationibus
454 2982 501 3044 illi
523 3001 577 3043 sua
600 2999 663 3042 non
685 2980 889 3061 responderet
908 2977 1095 3059 eloquentia.
1121 2981 1160 3040 ln
1179 2979 1264 3042 nullo

160 3083 246 3144 enim
258 3081 318 3144 hoc
331 3078 428 3142 lisbat
441 3073 619 3140 notabilius.
635 3071 746 3140 Oratio
761 3075 827 3156 ejus
840 3089 910 3140 erat
919 3075 1038 3144 valens,
1048 3076 1265 3154 autta‘ingen·

156 3178 242 3242 tibus
257 3180 348 3262 plena
363 3178 538 3240 sententiis.
554 3179 652 3239 Nemo
666 3176 768 3239 minus
781 3195 889 3258 passus
903 3187 952 3237 est
965 3173 1081 3254 aliquid
1094 3176 1128 3236 in
1141 3173 1265 3240 actione
1368 3232 1372 3238 .

158 3303 214 3346 sua
228 3281 319 3344 otiosi
331 3300 409 3354 esse,
421 3280 505 3342 nulla
517 3292 680 3362 parserat,
693 3299 759 3360 quse
768 3299 831 3340 non
843 3297 898 3339 sua
906 3274 1024 3338 virtute
1034 3289 1151 3353 staret,
1171 3276 1262 3354 nihil,

158 3384 192 3446 in
207 3403 267 3464 quo
281 3382 405 3444 auditor
418 3381 485 3444 sine
499 3383 612 3442 damno
627 3379 711 3442 aliud
725 3393 851 3460 ageret.
869 3379 983 3444 Omnia
1003 3379 1137 3454 intenta,
1162 3377 1265 3462 aliquo

157 3481 315 3564 potentias
327 3501 416 3544 nemo
425 3481 523 3560 magis
533 3481 568 3543 in
578 3501 633 3543 sua
642 3493 794 3564 potestate
803 3479 913 3542 habuit
922 3478 1113 3540 audientium
1125 3478 1263 3540 allectus.

158 3583 275 3643 Verum
290 3590 348 3650 est,
366 3579 447 3658 quod
461 3579 499 3639 de
512 3575 567 3638 illo
581 3574 658 3638 dicit
673 3576 778 3642 Gallio
792 3590 917 3638 noster:
931 3575 1008 3634 Cum
1022 3576 1148 3647 diceret,
1159 3595 1264 3634 rerum

155 3675 345 3754 potiebatur.-
359 3675 436 3732 adeo
451 3693 561 3732 omnes
583 3678 735 3752 imperata
745 3671 928 3752 studebant,-
947 3693 1018 3732 cum
1038 3670 1090 3729 ille
1107 3671 1262 3746 voluerut,

160 3775 383 3834 irascebantur.
404 3771 507 3834 Nemo
528 3793 588 3832 non
609 3773 662 3832 illo
676 3775 794 3832 dicente
807 3772 948 3844 timebat,
964 3791 1004 3829 ne
1016 3771 1175 3832 desineret.
1198 3772 1265 3832 Non

160 3885 217 3944 est,
231 3870 314 3954 quod
324 3869 410 3928 illum
423 3887 466 3927 ex
481 3867 542 3941 bis,
554 3890 622 3952 quae
633 3869 739 3942 edidit,
750 3873 923 3940 aestimetis.
938 3869 1015 3928 Sunt
1023 3867 1146 3952 quidem
1160 3884 1189 3928 et
1199 3867 1268 3930 hoec
1290 3849 1362 3926 226

160 3966 341 4048 quibusdum
353 3978 453 4043 grata.
470 3966 587 4028 Verum
602 3965 778 4045 eloquentia
792 3963 859 4046 ejus
872 3965 963 4042 longe
977 3963 1078 4044 major
1092 3977 1161 4028 erat
1174 3986 1266 4047 quam

158 4064 264 4127 lectio.
277 4065 346 4126 Non
355 4065 414 4126 hoc
424 4084 461 4126 ea
471 4061 616 4146 portione
630 4062 677 4126 illi
693 4065 818 4140 accidit,
832 4085 892 4146 qua
906 4065 1050 4126 omnibus
1064 4065 1141 4141 lere,
1154 4069 1265 4148 quibus

117 4204 119 4207 -
161 4163 274 4247 majori
290 4163 548 4233 commendationi
570 4177 617 4228 est
638 4167 739 4228 audiri
762 4186 854 4250 quam
871 4167 944 4246 legi,
968 4167 1023 4228 sed
1044 4169 1153 4231 inille
1173 4170 1264 4249 longe

163 4262 263 4344 majus
277 4263 444 4328 discrimen
457 4271 520 4328 est.
532 4263 670 4328 Primum
684 4265 876 4330 tantumdem
889 4276 958 4326 erat
972 4261 1006 4327 in'
1019 4262 1262 4347 hominequan·
