3218 5320
676 449 743 519 335

198 583 331 668 Quintil.
351 584 408 660 tx,
425 583 459 660 4,
478 583 537 644 132
551 604 559 642 s
575 584 680 664 Neque
695 584 778 646 enim
792 582 977 646 accesserim
985 581 1086 658 Celso,
1098 586 1254 666 quianam

123 677 125 687 ’
156 685 321 765 quamdam
347 683 496 764 prooemio
515 681 644 744 formam
657 681 756 758 dedit,
777 666 811 743 et
831 683 978 763 optimam
1002 683 1255 763 compositionem

157 801 224 843 esse
238 777 394 862 prooemii,
410 792 445 839 ut
459 781 541 862 apud
562 779 716 852 Asinium,
730 780 807 840 dicit
825 806 832 838 ι
853 777 899 852 Si,
926 779 1046 854 Caesar,
1062 799 1104 838 ex
1118 783 1255 844 omnibus
1280 759 1350 832 2¹7

157 883 347 956 mortalibus,
373 887 426 967 qui
447 897 513 940 sunt
528 903 565 941 ac
575 883 716 962 ficerunt,
738 895 841 958 posset
860 879 939 942 linia
953 902 1054 940 causae
1076 881 1259 960 disceptator

155 980 228 1060 legi,
245 1001 305 1042 non
319 984 481 1064 quisquam
495 994 524 1038 te
536 984 640 1058 potius
654 979 799 1058 optandus
812 976 901 1036 nobis
910 980 984 1053 fuit.

198 1075 319 1140 Charis.
338 1077 364 1149 1,
381 1097 415 1159 p.
436 1075 496 1138 108
510 1101 518 1135 ε
534 1075 632 1137 Pollio
646 1073 870 1138 accusarem:
888 1073 1000 1134 Primo
1013 1077 1181 1156 insequenti
1194 1075 1254 1133 die.

193 1213 230 1266 ad
244 1213 393 1278 Casuram]
412 1212 441 1264 in
457 1211 578 1284 epistola,
593 1211 697 1283 opinor.

198 1337 319 1401 Charis.
337 1339 364 1411 1,
380 1357 411 1420 p.
434 1339 473 1398 75
491 1358 500 1397 :
515 1337 580 1395 Hos
587 1336 758 1416 pugillares
773 1349 804 1398 et
818 1333 990 1398 masculino
1009 1355 1125 1416 genere
1137 1347 1169 1397 et
1181 1355 1258 1399 sem·

155 1461 213 1522 per
235 1439 398 1522 pluraliter
425 1439 519 1514 dicas,
547 1438 627 1500 sicut
648 1437 773 1500 Asinius
795 1435 829 1500 in
855 1439 1017 1503 Valerium
1034 1437 1091 1500 lib.
1115 1439 1128 1498 1
1146 1459 1155 1500 s
1176 1439 1259 1520 Quia

153 1537 288 1620 pugillus
301 1551 358 1610 est,
375 1541 427 1620 qui
434 1536 538 1614 plures
551 1535 678 1595 tabellas
692 1539 823 1594 continet
834 1540 866 1593 in
877 1541 988 1596 seriem
999 1540 1086 1596 sitas.
1149 1561 1151 1566 ·
1243 1581 1246 1588 .

191 1669 299 1724 Asturius
313 1670 339 1721 in
354 1669 508 1736 Valerium]
528 1669 571 1721 hic
587 1687 642 1721 non
663 1670 786 1721 Asinium
804 1683 931 1722 oratorem
943 1669 1102 1742 intelligam,
1117 1669 1163 1721 sed
1176 1659 1260 1742 gram-

226 1759 370 1822 maticum,
387 1775 465 1826 quem
482 1755 588 1819 Suidas,
610 1753 687 1826 cujus
705 1755 793 1808 locum
810 1769 902 1828 postca
915 1757 1056 1823 indicabo,
1077 1770 1105 1809 et
1122 1757 1260 1812 Charisius
1290 1757 1293 1764 ’

226 1840 318 1892 laudat
336 1853 363 1892 et
377 1839 484 1890 Servius
499 1839 531 1890 ad
543 1837 639 1910 Virgil.
658 1837 760 1892 AEneid.
779 1857 807 1902 ιι,
820 1841 850 1902 1;
868 1857 904 1900 vr,
918 1840 983 1902 554;
998 1857 1035 1904 ιιι,
1051 1841 1111 1893 183.
1122 1841 1260 1894 Valerium

227 1927 317 1981 itidem
327 1926 526 2000 grammaticum
537 1926 630 1992 facins,
644 1943 697 1995 quo
715 1927 823 1979 nornine
838 1926 999 1997 cumplures
1010 1925 1056 1978 ulii
1069 1926 1188 1992 fuerunt,
1203 1941 1260 1980 tum
1295 1961 1299 1972 ·

230 2013 355 2066 Valerius
363 2014 431 2066 Cato
443 2025 471 2064 et
479 2015 518 2065 Μ.
529 2012 653 2065 Valerius
661 2013 775 2067 Probus.

198 2137 244 2197 ld.
262 2138 288 2211 l,
309 2157 340 2218 p.
356 2137 391 2198 61
410 2155 419 2194 t
439 2134 566 2196 Carinus
579 2133 750 2196 masculino
767 2153 882 2212 genere
896 2131 1024 2210 dicitur,
1040 2147 1071 2196 et
1082 2135 1158 2195 hinc
1174 2137 1262 2198 dimi·

157 2237 263 2301 nutive
277 2237 397 2298 catillus
406 2235 451 2311 fit,
468 2249 502 2297 ut
512 2237 642 2296 Asinius
656 2252 760 2297 contra
771 2237 934 2296 maledicta
947 2235 1095 2298 Antonii:
1109 2237 1147 2294 V
1143 2237 1260 2297 olitani-

156 2357 213 2422 que
229 2335 302 2395 urbe
313 2349 377 2394 totu
388 2333 490 2392 catill'.

191 2491 214 2526 c.
233 2471 329 2524 malcd.
342 2467 473 2538 Antonii]
492 2471 556 2520 Post
568 2469 678 2521 Caesaris
697 2488 788 2522 necem
803 2467 835 2520 ad
849 2467 959 2520 Antonii
974 2477 1063 2540 partes
1081 2469 1188 2520 transiit
1202 2470 1261 2522 Asi-

227 2555 299 2608 nius.
317 2557 386 2607 Cum
405 2567 493 2604 autem
508 2551 603 2603 deinde
619 2553 752 2604 Antonius
772 2564 879 2622 proptor
898 2551 962 2603 vitia
978 2571 1026 2602 sua
1041 2553 1165 2604 omnibus
1183 2553 1260 2606 bonis

130 2631 132 2634 ⁵
226 2650 297 2690 esset
305 2637 418 2694 invisus,
427 2645 489 2704 post
501 2651 594 2703 pacem
603 2634 791 2685 Brundisinam
802 2637 924 2702 Angusto
937 2652 965 2684 se
974 2633 1083 2686 tradidit
1094 2655 1101 2697 ς
1120 2635 1191 2704 quod
1200 2637 1263 2688 item

228 2741 242 2773 a
254 2720 369 2773 Messala
381 2719 497 2770 Corvino
510 2717 609 2768 lactum
623 2718 747 2769 vidimus.
758 2718 844 2786 igitur
857 2718 886 2767 in
902 2731 1045 2786 utrumque
1062 2738 1153 2770 eorum
1166 2720 1264 2774 dixisse

228 2815 275 2854 aut
287 2801 425 2870 scripsisse
434 2799 569 2850 Antonius
582 2797 653 2849 credi
663 2810 762 2868 potest.
776 2797 854 2848 conf.
874 2797 972 2848 Vellei.
988 2799 1024 2860 11,
1038 2801 1081 2850 86.

200 2937 333 3025 Quintil.
350 2942 376 3013 l,
393 2941 425 3013 6,
443 2938 507 3000 42:
526 2934 596 3000 Hos
607 2937 721 2998 lodices
734 2935 871 3001 Pollioni
882 2937 1033 3020 placuisse
1048 2935 1177 3000 dicitur.

202 3025 328 3104 Charis.
341 3041 369 3116 1,
385 3061 416 3122 p.
436 3040 496 3102 119
514 3038 523 3099 'z
546 3037 671 3100 Asinius
691 3039 789 3100 Pollio
809 3039 1060 3116 uectigaliorum,
1086 3057 1149 3100 non
1172 3045 1267 3098 uecti-

159 3141 277 3220 galium
291 3127 371 3198 dixit
385 3157 394 3196 ε
414 3138 451 3199 V
446 3136 655 3216 ectigaliorum
674 3135 851 3214 reipublicae
867 3156 974 3194 curam
995 3155 1063 3196 esse
1080 3133 1263 3198 habendam.

164 3230 326 3330 [Eumdem
337 3239 439 3299 locum
449 3239 526 3301 citat
537 3239 566 3313 1,
583 3258 615 3318 p.
633 3233 703 3326 ts]

201 3337 340 3402 Maerob.
358 3337 527 3411 Saturni,
545 3335 564 3395 t
581 3335 706 3396 :Tanta
724 3335 804 3416 apud
818 3346 937 3396 veteres
951 3335 1009 3396 tuit
1022 3335 1151 3398 licentia
1172 3337 1263 3419 hujus

160 3436 303 3518 genitivi,
322 3445 356 3494 ut
372 3430 498 3496 Asinius
512 3431 611 3518 Pollio
625 3431 856 3512 uectigaliorum
869 3429 1051 3510 frequenter
1067 3447 1204 3516 usurpet.

167 3603 170 3608 Α
203 3537 355 3616 Priscian.
378 3536 460 3610 Vlll,
492 3534 524 3606 A,
543 3556 575 3616 p.
595 3532 677 3594 3702
694 3530 820 3594 Asinius
842 3532 967 3594 Pollio:
989 3531 1054 3590 Sed
1066 3554 1135 3592 cum
1160 3533 1265 3609 obea,

161 3661 228 3726 quas
240 3635 622 3720 speraveramdolebam,
647 3632 830 3693 consolabar
839 3633 877 3694 ab
892 3655 941 3706 ea,
957 3655 1026 3718 quer
1042 3637 1129 3696 timui
1134 3657 1148 3708 ;
1161 3656 1264 3696 conso·

161 3736 250 3822 labar
260 3734 391 3818 passive
404 3733 547 3815 protulit.

204 3833 283 3894 ibid.
300 3853 331 3914 p.
346 3830 421 3892 372:
438 3828 564 3890 Asinius
580 3852 588 3886 ι
605 3823 701 3906 Cujus
715 3839 844 3902 experta
857 3830 956 3886 virtus
968 3825 1053 3886 bello
1073 3823 1267 3905 Gennanice,

164 3910 302 3993 traducta
311 3933 354 3990 ad
367 3930 540 3990 custodiam
551 3927 676 4008 Illyrici
689 3941 734 3987 est
742 3949 758 4002 ;
770 3943 900 4004 experta
911 3927 1042 4009 passive.

207 4031 253 4090 ld.
267 4029 355 4112 x,¹4‚
376 4049 408 4110 p.
425 4027 487 4090 188
501 4047 509 4086 2
526 4026 694 4086 Nanciscor
705 4039 829 4084 nactum
840 4025 916 4088 facit
930 4023 1046 4106 absque
1064 4047 1096 4098 n,
1112 4038 1146 4086 ut
1165 4029 1268 4090 Probo

166 4142 198 4192 et
212 4128 314 4210 Capro
328 4140 360 4190 et
370 4127 506 4187 Pollioni
520 4137 552 4186 et
566 4116 669 4186 Plinio
684 4123 800 4205 placet.

201 4264 329 4332 Pollioni]
348 4283 402 4318 non
417 4265 449 4317 de
463 4263 556 4317 Asinio
565 4259 686 4315 Pollione
695 4259 723 4312 id
737 4259 914 4314 intellexerim
926 4283 933 4313 .·
943 4263 976 4316 ab
986 4276 1089 4316 oratore
1099 4264 1169 4316 enirn
1180 4266 1267 4320 diver»
