3218 5320
895 405 965 476 380

417 543 505 610 duris
521 539 631 604 Cisiiis
649 546 826 608 Anto-Just.
839 545 940 610 Votiu.
960 550 1071 628 fragm.
1091 569 1120 629 p.
1142 548 1181 610 54
1199 551 1249 610 od.
1270 549 1367 610 Mai:
1391 551 1477 632 Papi-

377 640 489 706 nianus
503 638 560 702 tib.
578 661 610 701 ιι
621 640 830 724 Quaestionum
845 647 1023 728 respondit:
1042 647 1149 705 vorbis
1164 651 1315 706 omtionis
1330 647 1478 708 Fratrum

377 750 597 824 impsmtontm
621 743 789 819 libertum,
814 749 872 808 etsi
895 747 934 806 ob
959 747 1083 827 aliquod
1106 744 1304 836 privilegium
1331 769 1350 808 a
1380 749 1481 810 tutelis

376 855 478 911 vacet,
493 840 619 923 patroni
635 854 738 904 tanton
754 856 953 924 patroneque
973 841 1142 908 liberorum
1163 853 1248 905 tutor
1266 857 1300 903 ut
1317 845 1479 924 deligatur,

376 941 644 1022 conprehensum.

419 1037 499 1100 ibid.
513 1059 546 1120 p.
559 1041 619 1104 to:
636 1043 683 1102 Ex
697 1038 763 1101 iiiia
779 1051 905 1121 nepotes
920 1041 1065 1122 prodesse
1080 1041 1119 1100 ad
1133 1039 1237 1101 tutelae
1251 1038 1481 1108 iiborutionent,

376 1139 468 1208 sicuti
485 1161 542 1203 neo
556 1143 594 1203 ud
609 1143 796 1205 oaduoorunt
808 1141 1053 1205 vindicationem
1068 1142 1170 1224 palam
1182 1153 1240 1216 est,
1253 1137 1315 1202 nisi
1328 1139 1407 1200 mihi
1418 1159 1483 1222 pro·

377 1257 475 1320 ponas
495 1259 534 1299 ex
549 1253 698 1304 veterano
717 1237 907 1322 praetoriano
928 1257 1043 1318 genero
1063 1259 1204 1300 socerum
1220 1259 1311 1300 avum
1327 1238 1482 1311 effectum,

379 1352 454 1397 tuno
468 1342 556 1402 onim
569 1341 740 1402 sooundum
755 1337 929 1400 orationem
944 1339 994 1399 dei
1006 1337 1118 1419 Marci,
1130 1357 1221 1418 quam
1237 1339 1271 1398 iu
1286 1332 1400 1398 castris
1411 1355 1484 1418 prae·

378 1437 455 1498 toris
471 1439 633 1511 recitarit,
655 1437 751 1497 Paulo
771 1436 884 1498 iterum
903 1446 936 1496 et
954 1435 1135 1516 Aproniano
1151 1433 1328 1496 consulibus
1345 1429 1396 1514 (p.
1410 1433 1483 1496 Chr.

387 1537 458 1619 168)
474 1559 533 1600 rur
548 1539 591 1600 itl.
601 1538 669 1620 juo.
681 1537 714 1600 id
732 1537 860 1603 habebit
882 1555 969 1610 urus,
989 1538 1071 1618 quud
1092 1537 1189 1598 itsbst
1208 1537 1242 1597 in
1263 1532 1430 1616 nepotibus
1451 1555 1487 1596 ex

386 1634 450 1698 titio
461 1639 554 1700 natis.
565 1637 660 1720 Cujus
668 1639 818 1700 orationis
827 1637 996 1700 verbotuo
1006 1651 1093 1706 suut:
1104 1635 1209 1721 thuu
1210 1636 1341 1716 facilius
1350 1640 1489 1696 veterani

384 1747 482 1798 nostri
493 1759 615 1800 soceros
630 1744 818 1818 repperiam,
835 1739 907 1799 illos
921 1751 1037 1824 quoquo
1049 1759 1128 1799 noro
1139 1738 1301 1818 privilegio
1312 1737 1488 1796 sollicitudi-

381 1859 460 1912 mus,
478 1854 509 1898 ut
526 1859 598 1899 orus
618 1853 762 1917 nepotum
782 1859 825 1898 eu
845 1853 990 1898 voteruuo
1006 1842 1196 1917 praetoriano
1213 1851 1354 1896 natorum
1377 1837 1488 1896 iisdem

379 1938 552 1996 commodis
566 1943 690 1998 nomine
703 1959 808 1998 eorum
814 1939 955 2017 fruatur,
967 1937 1072 2020 quidus
1078 1941 1252 2016 frueretur,
1264 1940 1292 1996 si
1299 1955 1354 1995 eos
1367 1933 1490 1994 tabem

380 2057 422 2095 ex
431 2037 517 2116 filio.

423 2132 505 2198 lbid.
529 2155 561 2216 p.
586 2137 650 2198 st:
677 2134 786 2198 Oratio
810 2135 860 2197 dei
884 2137 983 2198 Marci
1006 2135 1049 2196 itu
1072 2133 1190 2216 scriptu
1211 2147 1276 2205 ost,
1298 2145 1333 2194 ut
1364 2135 1490 2215 patroni

382 2247 520 2312 patronae
541 2232 672 2294 libertus
693 2246 778 2294 tutor
799 2233 891 2312 deligi
911 2234 1024 2318 possit,
1049 2234 1173 2296 tametsi
1198 2232 1300 2316 aliquo
1321 2227 1489 2316 privilegio

381 2330 532 2394 subnixus.
547 2329 598 2390 sit.

681 2514 827 2585 CXXII.
857 2515 975 2586 Divus
993 2515 1184 2586 Pertinax·

422 2739 612 2802 Memoratur
623 2738 723 2800 oratio
733 2735 908 2800 Pertinacis
918 2739 951 2798 in
964 2737 1117 2798 institutt.
1129 2735 1184 2798 lib.
1199 2755 1233 2809 u,
1249 2735 1297 2796 tit.
1310 2755 1391 2807 xvir,
1406 2737 1440 2796 t.

283 2952 353 3026 262
676 2945 841 3020 cxxut.
875 2945 992 3016 Divus
1016 2947 1192 3016 Severus*

426 3170 544 3248 Digest.
557 3169 615 3228 tib.
631 3189 728 3244 xxvii,
742 3167 791 3230 tit.
807 3189 853 3244 rx,
869 3168 904 3231 l:
923 3163 1126 3254 Imperatoris
1139 3161 1250 3229 Severi
1265 3165 1411 3226 oratione
1419 3183 1487 3252 pro·

384 3264 476 3326 hibiti
494 3277 565 3324 sunt
589 3276 706 3326 tutores
725 3277 757 3326 et
778 3279 939 3326 curatores
959 3264 1075 3360 praedia
1097 3263 1215 3325 rustica
1233 3261 1283 3324 vei
1308 3259 1488 3324 suburbana

383 3361 565 3423 distrahere.
589 3362 666 3444 Quae
687 3359 789 3422 oratio
810 3363 843 3422 in
866 3374 975 3424 senatu
998 3363 1128 3424 recitata
1148 3373 1195 3422 est
1208 3359 1351 3442 Tertyllo
1372 3371 1405 3422 et
1419 3357 1488 3420 cte·

383 3472 486 3520 mente
501 3460 588 3521 Coss.
602 3459 706 3520 idibus
719 3459 833 3520 Juniis.
855 3459 895 3520 Et
910 3472 982 3521 sunt
995 3459 1094 3523 verbs
1107 3457 1173 3542 ejus
1187 3455 1364 3543 hujusmodi
1376 3478 1385 3516 ε
1397 3455 1487 3517 Pru·
1593 3521 1594 3540 χ

382 3571 476 3627 terea,
492 3556 600 3616 Patres
620 3556 803 3638 Conscriptt',
826 3557 1009 3630 interdicam
1024 3555 1174 3621 tutoribus
1189 3570 1219 3615 et
1232 3553 1437 3629 curatoribus,
1453 3574 1490 3612 ue
1593 3559 1594 3594 i

378 3655 500 3729 praedt'a
513 3657 628 3714 rustica
638 3655 693 3712 uel
701 3653 876 3714 suburbana-
885 3651 1064 3726 distrahunt,
1073 3657 1145 3722 nisi,
1153 3668 1185 3712 ut
1197 3652 1338 3734 uifieret,
1345 3665 1489 3728 parentes

383 3764 561 3810 testamento
573 3751 627 3810 uel
638 3752 783 3812 codicilds
797 3755 939 3812 caverint.
959 3751 1053 3833 Quod'
1061 3754 1090 3810 si
1094 3751 1185 3830 forto
1203 3771 1248 3810 ces
1267 3749 1403 3809 alienum
1426 3762 1489 3809 tuu-

384 3861 447 3904 tum
461 3853 531 3922 erit,
548 3863 582 3907 ut
592 3869 635 3908 ex
651 3847 741 3908 rebus
756 3853 865 3908 ceterr's
879 3869 938 3910 uon
947 3853 1048 3930 possit
1064 3848 1199 3921 exsolvi,
1212 3863 1281 3909 tuuc
1296 3862 1419 3926 prtetor
1439 3867 1489 3904 ur·

384 3945 491 4018 barrus,
506 3952 559 4008 uir
571 3943 779 4016 clarissimus,
792 3945 930 4015 adeatur,
945 3951 998 4032 qui
1011 3967 1070 4026 pro
1092 3968 1147 4006 sua
1168 3946 1319 4026 religione
1338 3949 1487 4015 aestimet,
1592 3969 1593 4048 p

380 4065 450 4126 quau
462 4049 586 4120 possint
595 4043 729 4108 alienari
738 4041 906 4122 obligatus
915 4041 1060 4120 debeanu
1073 4058 1212 4105 mouente
1223 4043 1341 4125 'pupillo
1356 4047 1486 4112 actione,
1592 4049 1593 4064 ¹

380 4145 409 4198 si
421 4155 534 4216 postea
544 4146 676 4218 potuerit
688 4141 831 4219 probari,
846 4139 1005 4217 obreptum
1018 4163 1085 4201 esse
1098 4146 1228 4220 praetori
1231 4187 1237 4200 .
1257 4140 1280 4199 S
1282 4145 1292 4197 i
1310 4142 1487 4199 communis

381 4257 431 4295 res
446 4241 506 4296 erit
520 4252 550 4295 et
563 4243 663 4298 socius
677 4239 719 4294 ad
736 4238 912 4295 divisionem
927 4255 1079 4313 provocet,
1094 4253 1145 4296 aut
1164 4242 1192 4298 si
1206 4238 1349 4308 creditor,
1366 4239 1419 4321 qui
1435 4237 1487 4311 pt-
1546 4221 1550 4224 *
