3218 5320
648 461 718 534 329

131 597 259 664 mausiit
281 619 299 659 a
321 597 421 662 camis
442 599 569 680 agendis
591 599 630 662 ad
649 598 700 682 jas
719 599 831 674 civile,
856 596 989 662 maxime
1010 611 1171 682 postquam
1189 601 1231 682 Q.
1261 651 1328 725 211

134 703 297 782 Ligarium
310 706 471 776 accusavit,
488 721 547 764 nec
562 697 698 764 obtinuit
713 695 795 784 apud
808 697 845 764 C.
861 699 1074 764 Caesarem.-
1086 703 1117 764 ls
1130 713 1178 765 est
1190 703 1232 784 Q.

133 800 286 882 Ligarius,
308 802 375 882 qui,
398 821 468 864 cnm
480 801 596 866 Africa
610 823 697 864 oram
712 813 848 873 teneret,
870 800 1029 863 infirmnm
1042 801 1239 864 Tuberonem

133 899 294 981 applicare
315 917 379 960 nou
400 895 555 980 permisit,
573 917 632 963 nec
648 919 760 980 aquam
781 895 921 972 haurire,
945 917 1005 980 qao
1025 899 1151 960 nomine
1169 917 1239 960 eum

134 999 303 1073 accusavit,
319 1013 351 1060 et
360 997 471 1062 Cicero
488 999 636 1064 defendit.
646 1035 688 1048 -
700 997 826 1062 Tubero
842 1000 1037 1062 doctissimus
1052 999 1176 1082 quidem
1188 1000 1244 1060 ha·

135 1097 219 1158 bitus
233 1111 281 1158 est
290 1095 373 1177 juris
385 1094 504 1179 publici
526 1109 557 1160 et
575 1097 704 1182 privati,
721 1113 753 1160 et
768 1101 945 1182 complures
960 1099 1121 1184 utriusque
1141 1097 1245 1180 operis

135 1192 233 1256 libros
246 1192 383 1276 reliquit.
408 1195 559 1258 Sermone
572 1197 670 1258 etiam
690 1197 818 1277 antiquo
834 1215 906 1258 usus
920 1195 1077 1258 affectavit
1091 1193 1242 1268 seribere,

137 1303 170 1352 et
183 1291 252 1355 ideo
266 1311 375 1374 parum
390 1291 456 1376 ejus
470 1287 546 1354 libri
560 1290 643 1372 grati
658 1291 826 1356 habentur.
895 1359 897 1367 Α

380 1483 600 1553 LXXXVII.
626 1480 671 1554 C.
700 1483 845 1554 Asinius
873 1481 1000 1556 Pollio.

183 1689 281 1750 Natus
291 1707 375 1750 anno
389 1689 488 1755 Urbis
497 1690 572 1763 678,
592 1689 786 1752 consulatum
797 1691 932 1770 gessise.
951 1690 1027 1764 743,
1044 1710 1085 1752 ac
1098 1707 1187 1773 poeue
1209 1689 1249 1753 ad

143 1799 316 1849 extremum
325 1787 456 1865 Augusti
471 1785 683 1868 principatum
692 1789 828 1850 duravit.
841 1789 925 1852 Dial.
942 1791 981 1850 de
996 1798 1089 1852 oratt.
1105 1809 1136 1852 c.
1153 1791 1205 1852 l'l.

186 1882 320 1966 Quintil.
342 1884 393 1960 X,
423 1887 457 1960 1,
482 1883 572 1946 1132
602 1884 700 1947 Multa
722 1883 757 1947 iu
786 1883 895 1948 Asinio
917 1884 1059 1950 Pollione
1085 1889 1249 1965 inventio,

145 2005 265 2048 summa
283 1983 458 2064 diligentia,
474 1987 602 2049 adeant
620 1985 802 2066 quibusdam
824 1987 919 2050 etiam
934 1986 1033 2050 nimia
1046 1987 1201 2065 uideatur,
1220 2001 1253 2053 et

146 2079 271 2147 consilii
281 2091 313 2144 et
325 2083 523 2160 animisatis,
540 2082 672 2145 anitore
684 2095 717 2144 et
727 2081 923 2164 jucunditate
933 2083 1097 2147 Ciceronis
1107 2086 1253 2165 italonge

146 2183 249 2256 abest,
263 2193 298 2242 nt
310 2179 414 2246 sideri
423 2179 519 2264 ponit
532 2183 643 2244 saeculo
657 2183 755 2264 prior.

190 2281 302 2343 Senes.
320 2281 398 2342 Exo.
420 2277 570 2342 Controv.
591 2276 667 2343 libri
682 2280 737 2352 lV,
754 2277 843 2361 prtel.
860 2297 891 2362 p.
912 2278 1111 2344 4412Possi0
1130 2282 1255 2344 Asinius

28 2420 30 2425 -
148 2377 288 2444 floridior
306 2393 377 2442 erat
400 2380 559 2462 aliquanto
583 2379 617 2442 iu
637 2381 839 2444 declamando
863 2399 955 2462 qnam
974 2381 1008 2444 in
1024 2383 1155 2462 agendo.
1173 2382 1256 2445 lllnd

148 2479 292 2542 strictam
312 2476 379 2559 ejus
390 2489 424 2538 et
443 2493 587 2561 asperum
606 2487 639 2540 et
663 2475 758 2540 ulmis
783 2489 885 2540 ratum
898 2477 934 2540 in
957 2479 1091 2543 dicendo
1103 2479 1256 2563 judicium

150 2582 228 2644 adeo
236 2579 389 2654 cessabat,
405 2591 440 2640 ut
449 2581 484 2640 in
496 2581 602 2641 multis
614 2579 662 2640 illi
676 2578 768 2641 venia
789 2599 865 2660 opus
879 2592 972 2653 esset,
988 2599 1055 2660 quae
1068 2581 1107 2642 ab
1120 2582 1187 2662 ipso
1201 2583 1257 2645 vix

150 2679 393 2761 impetrabatur.
434 2712 437 2718 =

194 2775 278 2840 Dial.
292 2779 331 2839 de
344 2785 437 2838 crata.
452 2795 482 2836 c.
497 2776 535 2836 21
553 2796 562 2835 ε
579 2773 717 2846 Asinius,
734 2771 918 2856 quamquam
931 2777 1128 2858 propioribus
1139 2791 1257 2862 tempo·

154 2871 244 2934 ribus
256 2885 347 2934 natus
357 2873 410 2943 sit,
427 2871 552 2933 videtur
561 2869 639 2932 mihi
650 2871 735 2934 iuter
749 2871 910 2932 Menenios
920 2884 953 2933 et
964 2867 1081 2955 Appios
1094 2875 1258 2936 studuisse.

154 2967 325 3034 Pacarium
339 2979 426 3032 certe
436 2979 468 3032 et
484 2969 612 3031 Accium
624 2987 687 3030 nou
701 2967 799 3030 solum
818 2967 989 3048 tragoediis,
1008 2971 1061 3032 sed
1079 2971 1173 3034 etiarn
1192 2991 1259 3034 ora·

155 3063 295 3129 tionibus
304 3068 368 3128 sais
378 3065 553 3148 expressit:
568 3067 645 3130 adeo
660 3067 756 3128 durus
768 3077 800 3128 et
813 3057 916 3129 siccus
929 3077 986 3131 est.

194 3207 341 3272 Menenios]
361 3203 502 3258 Menenius
515 3203 641 3276 Agrippa,
659 3205 707 3274 qui
721 3169 845 3258 facundia
862 3219 911 3258 sua
924 3197 1030 3278 plebem
1050 3209 1079 3262 in
1095 3210 1262 3264 concordiam

228 3288 371 3341 mduxmat
382 3307 407 3340 a.
418 3287 452 3340 U.
465 3287 530 3340 259.
540 3283 621 3339 Gonl’.
634 3286 728 3340 Livius
741 3287 777 3352 11,
792 3290 836 3342 tt.

196 3411 313 3486 Apprbs]
331 3411 435 3486 Appius
447 3411 551 3474 eacus,
563 3409 610 3482 qui
622 3403 710 3464 fredus
723 3407 819 3482 Pyrrhi
831 3391 958 3468 dissuasit
968 3433 993 3466 a.
1007 3417 1039 3466 U.
1057 3416 1117 3468 sta.

622 3606 791 3657 onustatas
806 3614 815 3654 ἶ

210 3785 240 3850 l.
263 3786 347 3849 Dial.
362 3787 412 3849 De
425 3797 520 3858 orntt,
537 3784 578 3846 34
592 3805 603 3845 s
617 3784 725 3848 Altero
736 3785 930 3850 &momiano
948 3805 1031 3848 anno
1053 3785 1182 3850 Asinius
1196 3791 1265 3854 Pol·

166 3884 209 3948 lio
230 3884 267 3946 6.
287 3885 436 3945 Cascam
454 3887 605 3942 insecutus
617 3895 674 3942 est.
1085 3897 1087 3900 ·
1147 3907 1149 3912 ·

205 4022 235 4074 C.
256 4023 393 4088 Catonem]
411 4019 507 4082 Pollio,
530 4019 641 4072 Caesaris
659 4019 776 4090 partium
795 4017 942 4084 studiosus,
964 4017 996 4073 C.
1017 4021 1153 4089 Catonem,
1175 4027 1223 4096 qui
1243 4025 1274 4103 in

240 4105 378 4157 tribunatu
391 4123 440 4158 suc
450 4122 474 4156 a.
487 4103 535 4156 697
547 4101 673 4173 Pompeio
683 4121 711 4154 se
723 4101 889 4168 vendiderat,
902 4105 1035 4158 aeeusavit
1042 4105 1144 4178 duplici
1153 4109 1274 4171 actione,

239 4187 300 4262 nge
310 4189 391 4242 runa
403 4189 507 4242 uicina
523 4197 551 4241 a
563 4187 639 4240 raus
653 4203 677 4239 a.
691 4187 754 4240 sao.
768 4187 819 4242 rm
835 4188 935 4242 mane
954 4187 1080 4244 meam
1099 4193 1133 4245 a
1149 4177 1270 4248 uaesana

242 4273 341 4328 Calvus
354 4284 382 4328 st
393 4271 432 4326 ld.
445 4272 574 4327 Scaurus.
585 4269 671 4326 ssenf·
685 4269 743 4324 cie.
757 4269 844 4342 Epist.
861 4270 892 4324 ad
911 4271 994 4326 Attio.
1008 4291 1044 4336 π,
1054 4275 1104 4348 ,¹⁵⁹
1123 4277 1165 4338 ld,
1187 4279 1229 4330 ll.
1240 4299 1273 4322 a·

1125 4378 1160 4444 42
