3212 5326
857 421 924 494 152

376 563 473 626 AElius
486 563 671 646 Spartianus
684 560 845 625 Hadriano
860 583 889 625 c.
904 565 923 624 5
941 581 949 622 ε
967 559 1141 624 Hadrianus
1155 557 1261 621 omnia
1274 571 1362 622 trans
1376 562 1441 622 Eu-

333 663 479 746 phratem
497 680 534 722 ac
558 661 677 740 Tigrim
688 657 828 742 reliquit,
855 659 1009 741 exemplo,
1024 671 1059 720 ut
1074 655 1209 732 dicebat,
1233 657 1365 731 Catone,
1388 663 1443 742 qui

334 762 522 828 Macedonas
534 761 654 822 liberos
665 765 885 840 pronuntiavit,
902 764 974 844 quia
987 764 1083 820 teneri
1094 773 1313 838 conpererant.

377 863 529 928 Priscian.
544 864 601 933 lll,
616 862 646 934 1,
659 883 692 946 p.
710 861 787 924 108:
803 863 882 927 Cato
895 863 934 924 de
949 858 1326 925 Macedonialiberanda:
1345 861 1443 946 quue
1534 848 1540 866 '

330 965 504 1040 perpetuus
518 975 608 1044 atque
610 960 739 1040 firmius
753 963 861 1039 repsit.
958 959 960 967 '

377 1061 445 1120 Huc
464 1054 581 1122 retulit.
590 1059 707 1138 Popma
720 1057 929 1136 fragmentum
943 1053 1111 1130 incertum,
1128 1057 1209 1136 quud
1224 1056 1332 1116 Festus
1344 1053 1443 1114 habet

221 1215 223 1222 .
334 1157 367 1220 in
388 1159 560 1219 Natiuutio:
582 1181 596 1212 t
621 1157 664 1216 Μ.
686 1155 763 1218 Cato
792 1153 825 1218 in
830 1201 895 1218 .....
922 1151 1052 1244 [Audito
1077 1152 1222 1245 tu]multu
1243 1153 1441 1214 Mdcedoniae

334 1255 501 1329 Etruriam,
524 1255 692 1326 Samnites,
719 1253 859 1314 Lucanos
884 1257 963 1314 iuter
985 1271 1018 1312 se
1041 1255 1174 1311 natinari
1188 1251 1442 1336 arquefuctiones

334 1373 412 1414 esse.
429 1381 444 1412 s
458 1355 592 1416 Paulus:
609 1351 765 1412 Nuriuario
781 1351 946 1414 dicebatur
960 1347 1129 1431 negotiatio
1144 1363 1176 1412 et
1189 1351 1387 1411 Nutinatores
1401 1369 1442 1410 ex

334 1471 373 1514 eo
386 1448 537 1514 seditiosi.
552 1446 658 1536 [Quod
672 1469 748 1510 sane
763 1447 957 1532 probabilius
971 1450 1010 1510 ad
1021 1447 1168 1528 Origines
1179 1447 1289 1508 retulit
1297 1447 1442 1530 Meyerus

334 1552 368 1612 in
381 1551 522 1626 incertis,
535 1546 590 1611 nbi
601 1544 800 1637 delevimus]

634 1697 687 1759 40.
713 1719 822 1762 enarro
844 1716 900 1760 rno
919 1716 1144 1762 anoutuusrnns.

376 1853 479 1935 Quum
493 1849 695 1915 Rhodienses·
701 1849 852 1916 Romanis
865 1853 900 1914 in
913 1852 997 1914 bello
1010 1849 1139 1916 Persico
1160 1871 1249 1933 opem
1269 1869 1334 1912 non
1355 1847 1441 1910 tulis-

333 1961 414 2021 sent,
430 1952 472 2012 lli.
488 1949 654 2011 luventius
666 1948 788 2011 Thalna
807 1963 923 2031 praetor
941 1970 971 2012 a.
990 1951 1032 2017 U.
1048 1949 1281 2034 responsum
1295 1949 1441 2010 adversus

261 2052 308 2124 49
335 2069 388 2112 eos
402 2051 567 2123 incitabat,
584 2047 748 2129 rogatione
762 2051 971 2133 promulgata,
988 2063 1022 2111 nt
1041 2047 1081 2112 iis
1103 2049 1220 2114 bellum
1233 2049 1438 2120 indiceretur,

333 2164 418 2214 etex
431 2149 666 2231 magistratibus
683 2152 751 2235 ejus
767 2153 842 2214 anni
857 2153 1057 2232 deligeretur,
1075 2149 1127 2234 qui
1142 2154 1182 2214 ad
1196 2151 1228 2213 id
1242 2151 1356 2213 bellum
1371 2171 1439 2213 cum

334 2250 433 2312 classe
444 2247 635 2324 mitteretur,
649 2269 765 2312 seeum
779 2269 909 2331 sperans
923 2251 1059 2313 lutnrum
1068 2271 1145 2313 esse.
1161 2247 1355 2312 lulestissimi
1365 2269 1440 2332 prae·

333 2364 423 2412 terea
433 2349 562 2412 Rhodiis
576 2361 680 2421 erant,
691 2349 746 2430 qui
757 2353 898 2412 consules
909 2365 1095 2432 proetoresve
1107 2363 1159 2413 aut
1173 2351 1269 2430 legati
1282 2363 1439 2430 gesserant

334 2449 369 2511 iu
394 2449 578 2512 Macedonia
601 2447 730 2510 bellum.
761 2441 886 2538 [Locos
907 2449 1128 2514 historicorum
1150 2451 1277 2530 collegit
1301 2451 1436 2514 Bolhuis.

335 2570 367 2632 p.
384 2543 454 2637 83.]
478 2549 650 2610 Plurimum
662 2568 737 2610 vero
752 2569 875 2611 causam
895 2570 1003 2614 eorum
1017 2551 1137 2637 adjuvit
1151 2553 1195 2612 M.
1207 2552 1337 2616 Porcius
1350 2549 1436 2624 Cato,

318 2647 391 2728 'qui
415 2665 506 2728 asper
529 2643 656 2726 ingenio
678 2657 743 2708 tum
766 2649 870 2710 lenem
890 2645 1057 2730 mitemque
1077 2661 1254 2714 senatorem
1273 2651 1350 2730 egit.
1373 2648 1438 2709 Non

337 2749 484 2816 inseram,
506 2740 593 2805 addit
610 2743 717 2806 Livius
732 2743 827 2821 XLV,
847 2745 901 2820 25,
917 2747 1121 2808 simulacrum
1135 2751 1255 2827 copiosi
1269 2751 1349 2816 viri,
1371 2769 1437 2831 quoe

336 2843 457 2915 drusus,
475 2841 656 2922 referenti&
680 2847 775 2924 ipsius
794 2848 895 2904 oratio
914 2849 1028 2924 scripta
1047 2860 1144 2922 ostar,
1170 2843 1339 2926 Originum
1359 2843 1437 2903 libro

335 2945 442 3028 quinto
456 2941 584 3002 inclusa.
601 2943 714 3007 Oratio
727 2944 835 3006 habita
848 2958 895 3006 est
909 2965 993 3007 anno
1005 2945 1078 3020 586,
1095 2946 1252 3028 multaque
1271 2967 1310 3009 ex
1329 2965 1367 3010 ea
1378 2945 1438 3008 lra-

336 3051 463 3120 gmeuta
486 3040 578 3102 allert
598 3037 717 3102 Gellius
738 3044 930 3122 eandemque
951 3043 1089 3108 defendit
1108 3043 1257 3106 adversus
1278 3061 1437 3108 censuram

336 3137 474 3213 Tironis,
492 3140 601 3204 liberti
613 3137 791 3203 Ciceronis.
817 3135 1091 3230 [Haeclragmenta
1113 3165 1184 3207 cnm
1201 3146 1319 3230 optimo
1333 3143 1438 3208 codice

336 3239 453 3301 iterum
475 3239 590 3299 collata
618 3239 663 3300 ita
683 3239 842 3312 dedimus,
868 3251 903 3300 ut
926 3241 1078 3308 lectiones
1092 3245 1183 3308 editis
1207 3247 1351 3308 meliores
1374 3245 1437 3306 ubi·

337 3355 396 3418 qne
422 3333 643 3414 receperimus,
665 3334 812 3397 lectorem
839 3335 878 3398 de
898 3357 1082 3420 unaquaque
1112 3341 1234 3404 moneri
1253 3342 1364 3405 inutile
1385 3343 1436 3404 dn·

336 3447 455 3498 centes.
473 3431 621 3495 Ceterum
635 3433 689 3514 qui
703 3433 941 3500 celeberrimam
954 3439 1037 3502 hanc
1050 3442 1224 3504 orationem
1238 3441 1337 3524 qualis
1349 3439 1439 3504 luerit

336 3532 473 3616 penitius
488 3531 668 3612 perspicere
681 3532 828 3609 voluerit,
848 3536 878 3597 ei
892 3547 991 3598 totum
1006 3539 1047 3598 A.
1060 3533 1156 3600 Gellii
1170 3553 1264 3621 caput
1275 3537 1438 3620 legendum

336 3630 418 3691 erit:
436 3645 509 3689 nam
523 3627 621 3690 multo
634 3629 726 3711 plura
743 3649 837 3711 quam
851 3629 1028 3695 factumest
1049 3634 1089 3695 ab
1104 3634 1224 3698 editore
1238 3637 1290 3700 hic
1303 3637 1438 3720 oportuit

337 3722 502 3816 exscribi]

379 3822 505 3889 Gellius
520 3826 592 3901 Vll,
611 3826 649 3888 3:
668 3826 767 3908 ipsius
781 3824 933 3912 principii
943 3828 1042 3892 verbu
1055 3830 1121 3892 haec
1135 3844 1227 3894 sunt:

379 3923 451 3983 Scio
464 3924 563 3985 subere
582 3925 737 4011 plerisque
756 3923 926 3990 bominibus
948 3933 981 3988 iu
1004 3927 1095 3990 rebus
1111 3933 1254 3992 secundis
1267 3945 1356 4017 utque
1369 3952 1436 4010 pro·

337 4022 416 4089 bitis
427 4037 518 4107 utque
537 4030 694 4103 prosperis
710 4030 850 4088 animum
868 4028 1033 4102 excellere,
1049 4044 1137 4115 atque
1158 4030 1331 4111 superbi'am
1352 4047 1437 4116 atque

337 4120 490 4190 ferociam
502 4141 667 4200 augescere
674 4137 764 4207 utque
773 4144 924 4186 crescere.
939 4126 1032 4208 Quod
1041 4127 1119 4188 milii
1127 4151 1207 4190 rutnc
1220 4149 1343 4212 mque
1356 4151 1436 4190 curte

337 4234 395 4294 est,
410 4222 492 4306 quod
504 4219 571 4282 doec
585 4244 635 4284 res
644 4239 709 4284 tum
723 4228 854 4287 secunde
864 4232 1058 4306 processerit,
1074 4251 1113 4292 ne
1126 4233 1202 4314 qnid
1213 4237 1245 4292 iu
1259 4232 1439 4296 consulendo
