3288 5344
760 417 795 463 Xl

219 533 381 604 excolere
408 531 603 620 munditiis,
633 543 833 602 nostrorum
856 528 1125 603 adolescentium
1147 533 1324 629 speetineu

220 669 285 728 esi.
312 659 402 730 Sunt
422 681 508 752 ergo
523 657 603 728 duae
620 656 803 754 praecipue
819 677 948 738 causae,
976 677 1055 750 quae
1082 655 1323 753 eloquentiam

220 794 308 853 tunc
318 777 488 874 temporis
503 793 755 874 corruperunt,
773 775 899 870 amissa
913 773 1120 872 respublica
1135 793 1172 846 et
1182 775 1324 848 luxuria

219 926 366 974 morum.
387 901 525 974 iudicia
544 899 665 999 populi
682 901 825 972 omnino
844 899 1043 986 cessabant,
1059 919 1172 970 causae
1186 901 1321 994 gravis-

217 1031 312 1100 simae
326 1054 450 1102 omnes
465 1029 509 1103 ab
521 1031 732 1126 imperatore
759 1030 836 1125 ipso
851 1025 1136 1122 suscipiebantur
1162 1042 1197 1096 et
1214 1026 1324 1099 disce·

216 1155 421 1252 ptabantur‚
446 1155 540 1252 apud
559 1179 663 1252 quem
689 1153 903 1250 eloquentiae
922 1149 1045 1222 nullus
1072 1151 1221 1222 relictus
1247 1167 1323 1222 erat

217 1281 330 1357 locus.
361 1282 488 1357 Caunis
514 1281 661 1378 privatis
685 1305 760 1352 non
784 1279 1014 1376 eloquentie,
1047 1277 1109 1349 sed
1130 1275 1320 1348 ealliditate

218 1445 307 1518 opus
328 1437 418 1507 erat,
438 1421 486 1491 ita
511 1437 551 1492 nt
576 1417 712 1492 rabulas
738 1436 775 1516 et
791 1434 1011 1490 veteratorcs
1031 1417 1072 1487 iis
1100 1414 1317 1487 sufficerent.

214 1551 375 1636 Accedit,
396 1551 494 1650 quod
510 1554 625 1622 omnis
647 1549 821 1623 sentiendi
837 1565 875 1621 et
892 1547 1071 1622 scribendi
1084 1546 1231 1620 libertas
1250 1547 1317 1618 sub

215 1681 356 1752 Tiberio
368 1684 441 1777 jan
456 1683 575 1778 periit.
596 1679 687 1752 Cum
703 1681 809 1776 igitur
822 1695 979 1752 veterem
996 1678 1142 1772 glorium
1160 1677 1318 1774 praemia·

215 1827 285 1900 que
306 1805 452 1900 pristina
468 1805 641 1881 amisisset
661 1804 865 1899 eloquentia
888 1825 929 1872 ac
947 1823 1060 1898 prope
1077 1815 1319 1870 contemnere·

215 1940 288 2010 tur,
307 1923 374 1995 alia
386 1925 516 2013 studia,
530 1925 669 2020 poetica
682 1941 719 1994 et
730 1922 911 2010 historica,
926 1947 1004 2020 quse
1021 1939 1124 1994 antea
1139 1945 1213 1992 non
1228 1945 1322 1992 eum-

216 2049 298 2120 dem
314 2047 440 2120 lamam
449 2050 632 2120 consecuti
647 2063 761 2134 erunt,
780 2050 813 2118 ei
831 2047 999 2144 praeferre
1008 2071 1165 2144 coepere,
1183 2027 1220 2118 et
1232 2071 1320 2142 prae-

214 2171 424 2242 stantissima
439 2172 580 2265 ingenia
606 2195 687 2242 mox
712 2194 791 2242 eam
809 2171 1059 2242 deseruerunt.
1079 2171 1236 2242 Luxuria
1263 2195 1319 2242 au-

214 2318 286 2377 tetn
301 2301 437 2372 animos
454 2300 641 2372 bominum
655 2301 743 2373 adeo
758 2300 987 2388 effeminavit,
1012 2317 1052 2372 ut
1066 2301 1110 2372 ad
1128 2301 1264 2398 majora
1281 2317 1319 2372 et

214 2426 352 2497 excelsa
364 2427 454 2497 eniti
467 2449 537 2496 non
554 2426 703 2524 amplius
718 2443 877 2522 possent.
900 2425 986 2496 ldeo
1002 2449 1192 2522 paucorum
1209 2450 1316 2499 anno·

212 2573 290 2620 rum
303 2550 417 2646 spatio
434 2548 639 2646 eloquentia
655 2549 804 2622 deflexit
823 2549 868 2622 ab
886 2549 942 2622 illa
959 2566 1078 2622 vetere
1092 2549 1232 2621 dicendi
1248 2552 1316 2621 viu.

212 2678 324 2749 Nemo
345 2676 473 2747 deinde
491 2677 669 2772 perlectus
684 2693 804 2747 orator
821 2701 898 2748 esse
919 2677 1060 2748 dicitur.
1083 2675 1191 2770 Quod
1199 2677 1316 2763 orden,

213 2817 253 2872 ut
263 2799 490 2872 auctorDial.
504 2804 663 2873 deoratt.
675 2825 706 2870 c.
722 2802 873 2888 muscis,
885 2803 986 2872 eccum
998 2803 1317 2885 Gratisoscz'disse,

214 2938 254 2996 ut
274 2925 413 3020 loogtbs
428 2926 525 2995 absit
547 2925 723 2996 AEsclu'ne
743 2937 781 2995 et
794 2924 1032 2994 Demosthene
1049 2926 1229 2996 Sacerdos
1256 2935 1319 3000 iste
1410 3000 1412 3005 ,

213 3053 368 3141 Nicetes,
387 3063 422 3121 et
434 3053 573 3147 siquis
592 3051 688 3152 alius
703 3052 884 3151 Ephesum
897 3051 955 3122 vel
964 3050 1157 3148 Mitylenae
1174 3065 1318 3124 conten-

213 3177 254 3247 tis
283 3175 570 3248 scholasticorum
598 3177 810 3251 clamoribus
843 3178 972 3276 quatri,
1003 3203 1112 3274 quam
1137 3181 1229 3272 Aser
1253 3194 1321 3252 aut

213 3297 404 3388 Astr'canus
427 3324 450 3368 α
475 3299 643 3385 Cicerone
665 3313 730 3372 aut
752 3301 877 3371 Asinio
905 3316 1136 3374 recesserunt.
1157 3345 1204 3356 -
1229 3305 1316 3376 Erat

210 3435 329 3492 autem
342 3421 507 3517 princeps
519 3445 692 3492 novorum
707 3439 886 3494 oratorum
898 3422 1041 3494 Cassius
1053 3425 1217 3510 Severus,
1233 3451 1314 3499 cum

212 3572 283 3646 quo
292 3551 394 3644 juxta
412 3567 660 3646 comparantur
676 3553 851 3624 Domitius
866 3551 963 3636 Afer,
980 3553 1095 3623 lulius
1110 3554 1310 3644 Africanus,

212 3670 339 3742 Vibius
360 3673 558 3760 Passienus,
588 3673 710 3745 Vibius
732 3676 890 3772 Crispus,
917 3675 968 3781 L.¹
986 3677 1143 3746 Annaeus
1162 3679 1308 3768 Seneca,

213 3795 373 3868 Galerius
397 3799 603 3887 Trachalus,
627 3799 744 3870 Julius
770 3799 907 3888 Florus,
938 3800 1069 3871 Plinius
1093 3803 1224 3888 minor,
1256 3808 1307 3877 Μ.

210 3924 236 3991 F
238 3922 338 3996 abins
355 3925 602 4014 Quintilianus.
630 3927 680 3996 Ex
700 3951 852 4025 quorum
873 3926 1089 3998 orationibus
1105 3953 1217 4023 pauca
1234 3948 1308 4003 tan.

208 4064 283 4124 tum
301 4039 501 4145 fragmenta
517 4069 643 4148 praeter
668 4050 770 4124 Plinii
791 4054 1044 4148 Panegyricum
1065 4053 1107 4136 orl
1123 4058 1307 4150 Trajannm
