<?xml version="1.0" encoding="UTF-8"?>
<!DOCTYPE html PUBLIC "-//W3C//DTD XHTML 1.0 Transitional//EN"
    "http://www.w3.org/TR/xhtml1/DTD/xhtml1-transitional.dtd">
<html xmlns="http://www.w3.org/1999/xhtml" xml:lang="en" lang="en">
 <head>
  <title>
</title>
<meta http-equiv="Content-Type" content="text/html;charset=utf-8" />
  <meta name='ocr-system' content='tesseract 3.04.00' />
  <meta name='ocr-capabilities' content='ocr_page ocr_carea ocr_par ocr_line ocrx_word'/>
</head>
<body>
  <div class='ocr_page' id='page_1' title='image "./oratorumromanor01meyegoog_0092.png"; bbox 0 0 3288 5344; ppageno 0'>
   <div class='ocr_carea' id='block_1_1' title="bbox 627 434 767 504">
    <p class='ocr_par' dir='ltr' id='par_1_1' title="bbox 627 434 767 504">
     <span class='ocr_line' id='line_1_1' title="bbox 627 434 767 504; baseline 0 0"><span class='ocrx_word' id='word_1_1' title='bbox 627 434 767 504; x_wconf 79' lang='lat' dir='ltr'><strong>-ot</strong></span> 
     </span>
    </p>
   </div>
   <div class='ocr_carea' id='block_1_2' title="bbox 113 569 1303 1847">
    <p class='ocr_par' dir='ltr' id='par_1_2' title="bbox 113 569 1303 1847">
     <span class='ocr_line' id='line_1_2' title="bbox 191 569 1299 664; baseline -0.005 -18"><span class='ocrx_word' id='word_1_2' title='bbox 191 578 406 664; x_wconf 78' lang='lat' dir='ltr'><strong>demissiorem</strong></span> <span class='ocrx_word' id='word_1_3' title='bbox 422 574 522 638; x_wconf 80' lang='lat' dir='ltr'><strong>iurem</strong></span> <span class='ocrx_word' id='word_1_4' title='bbox 536 573 689 652; x_wconf 82' lang='lat' dir='ltr'>increpat,</span> <span class='ocrx_word' id='word_1_5' title='bbox 705 571 739 632; x_wconf 90' lang='lat' dir='ltr'><strong>in</strong></span> <span class='ocrx_word' id='word_1_6' title='bbox 755 569 852 634; x_wconf 88' lang='lat' dir='ltr'><strong>multo</strong></span> <span class='ocrx_word' id='word_1_7' title='bbox 870 569 971 634; x_wconf 85' lang='lat' dir='ltr'><strong>miuus</strong></span> <span class='ocrx_word' id='word_1_8' title='bbox 981 571 1108 637; x_wconf 79' lang='lat' dir='ltr'><strong>ferenda</strong></span> <span class='ocrx_word' id='word_1_9' title='bbox 1118 594 1184 642; x_wconf 84' lang='lat' dir='ltr'><strong>sese</strong></span> <span class='ocrx_word' id='word_1_10' title='bbox 1208 579 1299 640; x_wconf 84' lang='lat' dir='ltr'><strong>dela·-</strong></span> 
     </span>
     <span class='ocr_line' id='line_1_3' title="bbox 113 669 1293 768; baseline 0.005 -35"><span class='ocrx_word' id='word_1_11' title='bbox 113 725 118 733; x_wconf 93' lang='lat'><strong>.</strong></span> <span class='ocrx_word' id='word_1_12' title='bbox 193 703 285 768; x_wconf 81' lang='lat' dir='ltr'><strong>psum</strong></span> <span class='ocrx_word' id='word_1_13' title='bbox 304 683 357 762; x_wconf 82' lang='lat' dir='ltr'><strong>(ut</strong></span> <span class='ocrx_word' id='word_1_14' title='bbox 377 676 431 761; x_wconf 85' lang='grc'><strong>111)</strong></span> <span class='ocrx_word' id='word_1_15' title='bbox 461 671 671 750; x_wconf 61' lang='lat' dir='ltr'><strong>obliviscitum</strong></span> <span class='ocrx_word' id='word_1_16' title='bbox 688 684 723 733; x_wconf 90' lang='lat' dir='ltr'><strong>ut</strong></span> <span class='ocrx_word' id='word_1_17' title='bbox 743 669 956 755; x_wconf 80' lang='lat' dir='ltr'><strong>Quintilianus</strong></span> <span class='ocrx_word' id='word_1_18' title='bbox 973 672 1013 746; x_wconf 88' lang='lat' dir='ltr'><strong>X,</strong></span> <span class='ocrx_word' id='word_1_19' title='bbox 1042 674 1071 748; x_wconf 99' lang='grc'><strong>1,</strong></span> <span class='ocrx_word' id='word_1_20' title='bbox 1096 676 1172 751; x_wconf 87' lang='grc'><strong>113,</strong></span> <span class='ocrx_word' id='word_1_21' title='bbox 1193 681 1293 740; x_wconf 82' lang='lat' dir='ltr'><strong>seculo</strong></span> 
     </span>
     <span class='ocr_line' id='line_1_4' title="bbox 189 767 1288 859; baseline -0.003 -19"><span class='ocrx_word' id='word_1_22' title='bbox 189 785 333 859; x_wconf 81' lang='lat' dir='ltr'><em>priorem</em></span> <span class='ocrx_word' id='word_1_23' title='bbox 345 767 744 854; x_wconf 82' lang='lat' dir='ltr'><strong>posseviden&#39;pronuutiet,</strong></span> <span class='ocrx_word' id='word_1_24' title='bbox 762 782 872 832; x_wconf 78' lang='lat' dir='ltr'><strong>auctor</strong></span> <span class='ocrx_word' id='word_1_25' title='bbox 882 784 985 833; x_wconf 85' lang='lat' dir='ltr'><strong>autem</strong></span> <span class='ocrx_word' id='word_1_26' title='bbox 1002 769 1124 850; x_wconf 80' lang='lat' dir='ltr'><strong>Dialogi</strong></span> <span class='ocrx_word' id='word_1_27' title='bbox 1138 775 1176 834; x_wconf 90' lang='lat' dir='ltr'><strong>de</strong></span> <span class='ocrx_word' id='word_1_28' title='bbox 1193 788 1288 836; x_wconf 90' lang='lat' dir='ltr'><strong>oratt.</strong></span> 
     </span>
     <span class='ocr_line' id='line_1_5' title="bbox 193 865 1295 949; baseline -0.012 -8"><span class='ocrx_word' id='word_1_29' title='bbox 193 898 223 940; x_wconf 84' lang='lat' dir='ltr'><strong>e.</strong></span> <span class='ocrx_word' id='word_1_30' title='bbox 242 875 294 949; x_wconf 91' lang='grc'><strong>21,</strong></span> <span class='ocrx_word' id='word_1_31' title='bbox 313 878 392 931; x_wconf 81' lang='lat' dir='ltr'><strong>inter</strong></span> <span class='ocrx_word' id='word_1_32' title='bbox 405 865 568 928; x_wconf 80' lang='lat' dir='ltr'><em>Menenios</em></span> <span class='ocrx_word' id='word_1_33' title='bbox 587 883 617 927; x_wconf 90' lang='lat' dir='ltr'><strong>et</strong></span> <span class='ocrx_word' id='word_1_34' title='bbox 630 867 755 946; x_wconf 82' lang='lat' dir='ltr'><strong>Appios</strong></span> <span class='ocrx_word' id='word_1_35' title='bbox 771 869 873 928; x_wconf 71' lang='lat' dir='ltr'><strong>orituri</strong></span> <span class='ocrx_word' id='word_1_36' title='bbox 890 868 1050 934; x_wconf 81' lang='lat' dir='ltr'><strong>studuisse,</strong></span> <span class='ocrx_word' id='word_1_37' title='bbox 1072 885 1135 930; x_wconf 90' lang='lat' dir='ltr'><strong>uon</strong></span> <span class='ocrx_word' id='word_1_38' title='bbox 1150 871 1216 932; x_wconf 85' lang='lat' dir='ltr'><strong>sinc</strong></span> <span class='ocrx_word' id='word_1_39' title='bbox 1229 875 1295 934; x_wconf 81' lang='lat' dir='ltr'><strong>sale</strong></span> 
     </span>
     <span class='ocr_line' id='line_1_6' title="bbox 192 965 1303 1054; baseline -0.004 -17"><span class='ocrx_word' id='word_1_40' title='bbox 192 969 360 1038; x_wconf 84' lang='lat' dir='ltr'><strong>notaverit.</strong></span> <span class='ocrx_word' id='word_1_41' title='bbox 372 966 517 1050; x_wconf 85' lang='lat' dir='ltr'><strong>Scriptor</strong></span> <span class='ocrx_word' id='word_1_42' title='bbox 530 967 671 1030; x_wconf 80' lang='lat' dir='ltr'><strong>Pollione</strong></span> <span class='ocrx_word' id='word_1_43' title='bbox 685 965 827 1054; x_wconf 82' lang='lat' dir='ltr'><strong>inlerior,</strong></span> <span class='ocrx_word' id='word_1_44' title='bbox 847 967 901 1030; x_wconf 88' lang='lat' dir='ltr'><strong>sed</strong></span> <span class='ocrx_word' id='word_1_45' title='bbox 915 966 1052 1028; x_wconf 84' lang='lat' dir='ltr'><strong>oratoria</strong></span> <span class='ocrx_word' id='word_1_46' title='bbox 1062 965 1155 1030; x_wconf 89' lang='lat' dir='ltr'><strong>lande</strong></span> <span class='ocrx_word' id='word_1_47' title='bbox 1163 989 1225 1032; x_wconf 86' lang='lat' dir='ltr'><strong>neu</strong></span> <span class='ocrx_word' id='word_1_48' title='bbox 1238 973 1303 1044; x_wconf 76' lang='lat' dir='ltr'><strong>im·‚</strong></span> 
     </span>
     <span class='ocr_line' id='line_1_7' title="bbox 192 1061 1294 1154; baseline -0.005 -20"><span class='ocrx_word' id='word_1_49' title='bbox 192 1092 260 1154; x_wconf 84' lang='lat' dir='ltr'><strong>par,</strong></span> <span class='ocrx_word' id='word_1_50' title='bbox 277 1071 320 1131; x_wconf 89' lang='lat' dir='ltr'><strong>M.</strong></span> <span class='ocrx_word' id='word_1_51' title='bbox 340 1065 456 1129; x_wconf 88' lang='lat' dir='ltr'><strong>Coelius</strong></span> <span class='ocrx_word' id='word_1_52' title='bbox 472 1062 801 1136; x_wconf 82' lang='lat' dir='ltr'><strong>Ciceronisalttmuus,</strong></span> <span class='ocrx_word' id='word_1_53' title='bbox 821 1064 855 1126; x_wconf 92' lang='lat' dir='ltr'><strong>iu</strong></span> <span class='ocrx_word' id='word_1_54' title='bbox 875 1064 957 1125; x_wconf 90' lang='lat' dir='ltr'><strong>idem</strong></span> <span class='ocrx_word' id='word_1_55' title='bbox 968 1081 1066 1141; x_wconf 83' lang='lat' dir='ltr'><strong>genus</strong></span> <span class='ocrx_word' id='word_1_56' title='bbox 1077 1061 1148 1126; x_wconf 84' lang='lat' dir='ltr'><strong>vitii</strong></span> <span class='ocrx_word' id='word_1_57' title='bbox 1163 1085 1226 1127; x_wconf 91' lang='lat' dir='ltr'><strong>uon</strong></span> <span class='ocrx_word' id='word_1_58' title='bbox 1238 1069 1294 1128; x_wconf 91' lang='lat' dir='ltr'><strong>im-</strong></span> 
     </span>
     <span class='ocr_line' id='line_1_8' title="bbox 192 1159 1295 1255; baseline -0.003 -21"><span class='ocrx_word' id='word_1_59' title='bbox 192 1173 366 1255; x_wconf 86' lang='lat' dir='ltr'><strong>prudenter</strong></span> <span class='ocrx_word' id='word_1_60' title='bbox 380 1166 502 1230; x_wconf 85' lang='lat' dir='ltr'><strong>incidit.</strong></span> <span class='ocrx_word' id='word_1_61' title='bbox 519 1164 695 1231; x_wconf 78' lang='lat' dir='ltr'><strong>Ostendant</strong></span> <span class='ocrx_word' id='word_1_62' title='bbox 709 1159 854 1247; x_wconf 78' lang='lat' dir='ltr'><strong>epistolae,</strong></span> <span class='ocrx_word' id='word_1_63' title='bbox 870 1183 945 1226; x_wconf 88' lang='lat' dir='ltr'><strong>saue</strong></span> <span class='ocrx_word' id='word_1_64' title='bbox 959 1162 1066 1228; x_wconf 80' lang='lat' dir='ltr'><strong>lacetae</strong></span> <span class='ocrx_word' id='word_1_65' title='bbox 1079 1161 1150 1241; x_wconf 77' lang='lat' dir='ltr'><strong>illae,</strong></span> <span class='ocrx_word' id='word_1_66' title='bbox 1162 1171 1243 1248; x_wconf 88' lang='lat' dir='ltr'><strong>qnod</strong></span> <span class='ocrx_word' id='word_1_67' title='bbox 1257 1170 1295 1231; x_wconf 92' lang='lat' dir='ltr'><strong>de</strong></span> 
     </span>
     <span class='ocr_line' id='line_1_9' title="bbox 193 1265 1295 1351; baseline -0.004 -17"><span class='ocrx_word' id='word_1_68' title='bbox 193 1275 255 1336; x_wconf 88' lang='lat' dir='ltr'><strong>boc</strong></span> <span class='ocrx_word' id='word_1_69' title='bbox 263 1283 387 1334; x_wconf 76' lang='lat' dir='ltr'><strong>oratore</strong></span> <span class='ocrx_word' id='word_1_70' title='bbox 394 1267 566 1351; x_wconf 72' lang='lat' dir='ltr'><strong>predicant</strong></span> <span class='ocrx_word' id='word_1_71' title='bbox 577 1267 689 1332; x_wconf 90' lang='lat' dir='ltr'><strong>Cicero</strong></span> <span class='ocrx_word' id='word_1_72' title='bbox 696 1269 784 1331; x_wconf 88' lang='lat' dir='ltr'><strong>Brut.</strong></span> <span class='ocrx_word' id='word_1_73' title='bbox 794 1285 824 1330; x_wconf 89' lang='lat' dir='ltr'><strong>c.</strong></span> <span class='ocrx_word' id='word_1_74' title='bbox 837 1267 888 1340; x_wconf 81' lang='lat' dir='ltr'><strong>ta,</strong></span> <span class='ocrx_word' id='word_1_75' title='bbox 906 1266 1038 1350; x_wconf 88' lang='lat' dir='ltr'><strong>Quintil.</strong></span> <span class='ocrx_word' id='word_1_76' title='bbox 1052 1265 1092 1340; x_wconf 84' lang='lat' dir='ltr'><strong>X,</strong></span> <span class='ocrx_word' id='word_1_77' title='bbox 1108 1267 1137 1342; x_wconf 89' lang='lat'><strong>1,</strong></span> <span class='ocrx_word' id='word_1_78' title='bbox 1152 1268 1295 1342; x_wconf 75' lang='lat' dir='ltr'><strong>1153su1</strong></span> 
     </span>
     <span class='ocr_line' id='line_1_10' title="bbox 193 1362 1296 1450; baseline -0.003 -18"><span class='ocrx_word' id='word_1_79' title='bbox 193 1387 419 1450; x_wconf 88' lang='lat' dir='ltr'><strong>nonnunquam</strong></span> <span class='ocrx_word' id='word_1_80' title='bbox 440 1366 603 1430; x_wconf 78' lang='lat' dir='ltr'><strong>vetustatis</strong></span> <span class='ocrx_word' id='word_1_81' title='bbox 623 1365 761 1444; x_wconf 78' lang='lat' dir='ltr'><strong>aerugine</strong></span> <span class='ocrx_word' id='word_1_82' title='bbox 781 1362 949 1426; x_wconf 78' lang='lat' dir='ltr'><strong>infuscatae.</strong></span> <span class='ocrx_word' id='word_1_83' title='bbox 975 1363 1116 1426; x_wconf 86' lang='lat' dir='ltr'><strong>Nitorem</strong></span> <span class='ocrx_word' id='word_1_84' title='bbox 1134 1365 1296 1429; x_wconf 81' lang='lat' dir='ltr'><strong>Ciceronis</strong></span> 
     </span>
     <span class='ocr_line' id='line_1_11' title="bbox 192 1465 1295 1565; baseline -0.003 -33"><span class='ocrx_word' id='word_1_85' title='bbox 192 1490 286 1532; x_wconf 90' lang='lat' dir='ltr'><strong>nemo</strong></span> <span class='ocrx_word' id='word_1_86' title='bbox 300 1481 413 1552; x_wconf 85' lang='lat' dir='ltr'><strong>praeter</strong></span> <span class='ocrx_word' id='word_1_87' title='bbox 426 1467 463 1530; x_wconf 90' lang='lat' dir='ltr'><strong>C.</strong></span> <span class='ocrx_word' id='word_1_88' title='bbox 486 1466 649 1565; x_wconf 67' lang='lat' dir='ltr'><strong>Caesarem,</strong></span> <span class='ocrx_word' id='word_1_89' title='bbox 671 1466 791 1529; x_wconf 90' lang='lat' dir='ltr'><strong>artibus</strong></span> <span class='ocrx_word' id='word_1_90' title='bbox 812 1465 899 1546; x_wconf 88' lang='lat' dir='ltr'><strong>pacis</strong></span> <span class='ocrx_word' id='word_1_91' title='bbox 917 1483 1028 1545; x_wconf 84' lang='lat' dir='ltr'><strong>parum</strong></span> <span class='ocrx_word' id='word_1_92' title='bbox 1046 1465 1195 1540; x_wconf 89' lang='lat' dir='ltr'><strong>deditum,</strong></span> <span class='ocrx_word' id='word_1_93' title='bbox 1216 1487 1295 1529; x_wconf 86' lang='lat' dir='ltr'><strong>asse·</strong></span> 
     </span>
     <span class='ocr_line' id='line_1_12' title="bbox 192 1565 1296 1647; baseline -0.004 -15"><span class='ocrx_word' id='word_1_94' title='bbox 192 1583 283 1632; x_wconf 88' lang='lat' dir='ltr'><strong>cutus</strong></span> <span class='ocrx_word' id='word_1_95' title='bbox 303 1582 359 1632; x_wconf 89' lang='lat' dir='ltr'><strong>est.</strong></span> <span class='ocrx_word' id='word_1_96' title='bbox 382 1568 461 1634; x_wconf 86' lang='lat' dir='ltr'><strong>Vide</strong></span> <span class='ocrx_word' id='word_1_97' title='bbox 482 1568 521 1629; x_wconf 89' lang='lat' dir='ltr'><strong>de</strong></span> <span class='ocrx_word' id='word_1_98' title='bbox 542 1566 727 1647; x_wconf 77' lang='lat' dir='ltr'><strong>antiquariis</strong></span> <span class='ocrx_word' id='word_1_99' title='bbox 740 1565 821 1628; x_wconf 85' lang='lat' dir='ltr'><strong>Livii</strong></span> <span class='ocrx_word' id='word_1_100' title='bbox 834 1565 1021 1627; x_wconf 84' lang='lat' dir='ltr'><strong>seutentiam</strong></span> <span class='ocrx_word' id='word_1_101' title='bbox 1043 1567 1125 1646; x_wconf 86' lang='lat' dir='ltr'><strong>apud</strong></span> <span class='ocrx_word' id='word_1_102' title='bbox 1144 1567 1296 1630; x_wconf 84' lang='lat' dir='ltr'><strong>Senecam</strong></span> 
     </span>
     <span class='ocr_line' id='line_1_13' title="bbox 193 1665 1296 1756; baseline -0.004 -22"><span class='ocrx_word' id='word_1_103' title='bbox 193 1671 344 1734; x_wconf 89' lang='lat' dir='ltr'><strong>Controv.</strong></span> <span class='ocrx_word' id='word_1_104' title='bbox 357 1672 410 1744; x_wconf 86' lang='lat' dir='ltr'><strong>tv,</strong></span> <span class='ocrx_word' id='word_1_105' title='bbox 425 1669 477 1742; x_wconf 89' lang='grc'><strong>25,</strong></span> <span class='ocrx_word' id='word_1_106' title='bbox 490 1687 522 1750; x_wconf 84' lang='lat' dir='ltr'><strong>p.</strong></span> <span class='ocrx_word' id='word_1_107' title='bbox 535 1667 658 1756; x_wconf 73' lang='grc'><strong>264111.</strong></span> <span class='ocrx_word' id='word_1_108' title='bbox 671 1668 757 1749; x_wconf 69' lang='lat' dir='ltr'><strong>sip„</strong></span> <span class='ocrx_word' id='word_1_109' title='bbox 769 1670 939 1745; x_wconf 83' lang='lat' dir='ltr'><strong>Augustum</strong></span> <span class='ocrx_word' id='word_1_110' title='bbox 950 1667 1032 1746; x_wconf 85' lang='lat' dir='ltr'><strong>apud</strong></span> <span class='ocrx_word' id='word_1_111' title='bbox 1041 1665 1169 1728; x_wconf 85' lang='lat' dir='ltr'><strong>Sueten.</strong></span> <span class='ocrx_word' id='word_1_112' title='bbox 1182 1668 1215 1727; x_wconf 92' lang='lat' dir='ltr'><strong>in</strong></span> <span class='ocrx_word' id='word_1_113' title='bbox 1224 1669 1296 1731; x_wconf 87' lang='lat' dir='ltr'><strong>Vita</strong></span> 
     </span>
     <span class='ocr_line' id='line_1_14' title="bbox 194 1761 1294 1847; baseline -0.003 -20"><span class='ocrx_word' id='word_1_114' title='bbox 194 1787 225 1827; x_wconf 87' lang='lat' dir='ltr'><strong>c.</strong></span> <span class='ocrx_word' id='word_1_115' title='bbox 237 1769 288 1841; x_wconf 87' lang='lat'><strong>86,</strong></span> <span class='ocrx_word' id='word_1_116' title='bbox 302 1781 334 1828; x_wconf 89' lang='lat' dir='ltr'><strong>et</strong></span> <span class='ocrx_word' id='word_1_117' title='bbox 344 1767 383 1826; x_wconf 90' lang='lat' dir='ltr'><strong>de</strong></span> <span class='ocrx_word' id='word_1_118' title='bbox 392 1784 540 1847; x_wconf 85' lang='lat' dir='ltr'><strong>perversa</strong></span> <span class='ocrx_word' id='word_1_119' title='bbox 550 1783 657 1826; x_wconf 89' lang='lat' dir='ltr'><strong>eorum</strong></span> <span class='ocrx_word' id='word_1_120' title='bbox 666 1763 841 1826; x_wconf 90' lang='lat' dir='ltr'><strong>imitatione</strong></span> <span class='ocrx_word' id='word_1_121' title='bbox 849 1761 983 1845; x_wconf 82' lang='lat' dir='ltr'><strong>Quintil.</strong></span> <span class='ocrx_word' id='word_1_122' title='bbox 996 1763 1041 1834; x_wconf 86' lang='grc' dir='ltr'><strong>ΙΙ,</strong></span> <span class='ocrx_word' id='word_1_123' title='bbox 1056 1764 1086 1836; x_wconf 88' lang='grc'><strong>5,</strong></span> <span class='ocrx_word' id='word_1_124' title='bbox 1097 1761 1149 1837; x_wconf 86' lang='grc'><strong>21,</strong></span> <span class='ocrx_word' id='word_1_125' title='bbox 1163 1775 1195 1824; x_wconf 92' lang='lat' dir='ltr'><strong>et</strong></span> <span class='ocrx_word' id='word_1_126' title='bbox 1205 1765 1294 1846; x_wconf 87' lang='lat' dir='ltr'><strong>Sym·</strong></span> 
     </span>
    </p>
   </div>
   <div class='ocr_carea' id='block_1_3' title="bbox 192 1861 1292 2037">
    <p class='ocr_par' dir='ltr' id='par_1_3' title="bbox 192 1861 1292 2037">
     <span class='ocr_line' id='line_1_15' title="bbox 192 1861 721 1944; baseline -0.013 -20"><span class='ocrx_word' id='word_1_127' title='bbox 192 1863 457 1944; x_wconf 78' lang='lat' dir='ltr'><strong>mach.Epp.lll,</strong></span> <span class='ocrx_word' id='word_1_128' title='bbox 471 1861 524 1921; x_wconf 80' lang='lat' dir='ltr'><strong>tt.</strong></span> <span class='ocrx_word' id='word_1_129' title='bbox 613 1874 615 1879; x_wconf 90' lang='grc'><strong><em>·</em></strong></span> <span class='ocrx_word' id='word_1_130' title='bbox 715 1864 721 1878; x_wconf 85' lang='grc'><strong>’</strong></span> 
     </span>
     <span class='ocr_line' id='line_1_16' title="bbox 235 1955 1292 2037; baseline -0.006 -13"><span class='ocrx_word' id='word_1_131' title='bbox 235 1961 287 2024; x_wconf 89' lang='grc'><strong>52.</strong></span> <span class='ocrx_word' id='word_1_132' title='bbox 311 1961 433 2022; x_wconf 78' lang='lat' dir='ltr'><strong>Mortuo</strong></span> <span class='ocrx_word' id='word_1_133' title='bbox 443 1957 567 2032; x_wconf 84' lang='lat' dir='ltr'><strong>Crasso,</strong></span> <span class='ocrx_word' id='word_1_134' title='bbox 581 1956 718 2019; x_wconf 79' lang='lat' dir='ltr'><strong>Antonio</strong></span> <span class='ocrx_word' id='word_1_135' title='bbox 728 1955 904 2028; x_wconf 83' lang='lat' dir='ltr'><strong>interiecto,</strong></span> <span class='ocrx_word' id='word_1_136' title='bbox 917 1956 1023 2037; x_wconf 88' lang='lat' dir='ltr'><strong>paucis</strong></span> <span class='ocrx_word' id='word_1_137' title='bbox 1033 1969 1065 2017; x_wconf 92' lang='lat' dir='ltr'><strong>et</strong></span> <span class='ocrx_word' id='word_1_138' title='bbox 1074 1956 1292 2018; x_wconf 85' lang='lat' dir='ltr'><strong>clamatoribus</strong></span> 
     </span>
    </p>
   </div>
   <div class='ocr_carea' id='block_1_4' title="bbox 189 2046 1423 2142">
    <p class='ocr_par' dir='ltr' id='par_1_4' title="bbox 189 2046 1423 2142">
     <span class='ocr_line' id='line_1_17' title="bbox 189 2046 1423 2142; baseline -0.001 -21"><span class='ocrx_word' id='word_1_139' title='bbox 189 2060 346 2142; x_wconf 84' lang='lat' dir='ltr'><strong>plerisque</strong></span> <span class='ocrx_word' id='word_1_140' title='bbox 369 2071 401 2120; x_wconf 89' lang='lat' dir='ltr'><strong>et</strong></span> <span class='ocrx_word' id='word_1_141' title='bbox 424 2057 666 2120; x_wconf 83' lang='lat' dir='ltr'><strong>rabulisfornm</strong></span> <span class='ocrx_word' id='word_1_142' title='bbox 688 2054 882 2130; x_wconf 90' lang='lat' dir='ltr'><strong>tenentibus,</strong></span> <span class='ocrx_word' id='word_1_143' title='bbox 914 2057 954 2136; x_wconf 84' lang='lat' dir='ltr'><strong>Q.</strong></span> <span class='ocrx_word' id='word_1_144' title='bbox 977 2057 1155 2117; x_wconf 82' lang='lat' dir='ltr'><strong>Hortensius</strong></span> <span class='ocrx_word' id='word_1_145' title='bbox 1177 2059 1296 2136; x_wconf 90' lang='lat' dir='ltr'><strong>primns</strong></span> <span class='ocrx_word' id='word_1_146' title='bbox 1420 2046 1423 2052; x_wconf 43' lang='lat'>¹</span> 
     </span>
    </p>
   </div>
   <div class='ocr_carea' id='block_1_5' title="bbox 185 2153 1353 4304">
    <p class='ocr_par' dir='ltr' id='par_1_5' title="bbox 188 2153 1353 3094">
     <span class='ocr_line' id='line_1_18' title="bbox 193 2153 1295 2236; baseline 0 -19"><span class='ocrx_word' id='word_1_147' title='bbox 193 2157 321 2236; x_wconf 80' lang='lat' dir='ltr'><strong>agnitus</strong></span> <span class='ocrx_word' id='word_1_148' title='bbox 337 2168 400 2230; x_wconf 83' lang='lat' dir='ltr'><strong>est3</strong></span> <span class='ocrx_word' id='word_1_149' title='bbox 424 2167 459 2216; x_wconf 87' lang='lat' dir='ltr'><strong>ut</strong></span> <span class='ocrx_word' id='word_1_150' title='bbox 479 2155 645 2217; x_wconf 89' lang='lat' dir='ltr'><strong>redeuntes</strong></span> <span class='ocrx_word' id='word_1_151' title='bbox 665 2173 735 2215; x_wconf 89' lang='lat' dir='ltr'><strong>oum</strong></span> <span class='ocrx_word' id='word_1_152' title='bbox 753 2153 881 2216; x_wconf 88' lang='lat' dir='ltr'><strong>Sullana</strong></span> <span class='ocrx_word' id='word_1_153' title='bbox 895 2153 1028 2216; x_wconf 84' lang='lat' dir='ltr'><strong>uictoria</strong></span> <span class='ocrx_word' id='word_1_154' title='bbox 1044 2155 1136 2218; x_wconf 91' lang='lat' dir='ltr'><strong>Cotta</strong></span> <span class='ocrx_word' id='word_1_155' title='bbox 1155 2167 1188 2214; x_wconf 91' lang='lat' dir='ltr'><strong>et</strong></span> <span class='ocrx_word' id='word_1_156' title='bbox 1201 2153 1295 2217; x_wconf 89' lang='lat' dir='ltr'><strong>Curio</strong></span> 
     </span>
     <span class='ocr_line' id='line_1_19' title="bbox 193 2249 1297 2334; baseline -0.003 -21"><span class='ocrx_word' id='word_1_157' title='bbox 193 2251 347 2334; x_wconf 84' lang='lat' dir='ltr'><strong>superiori</strong></span> <span class='ocrx_word' id='word_1_158' title='bbox 367 2252 398 2312; x_wconf 90' lang='lat' dir='ltr'><strong>ei</strong></span> <span class='ocrx_word' id='word_1_159' title='bbox 420 2252 580 2312; x_wconf 90' lang='lat' dir='ltr'><strong>cederent.</strong></span> <span class='ocrx_word' id='word_1_160' title='bbox 605 2251 675 2310; x_wconf 85' lang='lat' dir='ltr'><strong>Mox</strong></span> <span class='ocrx_word' id='word_1_161' title='bbox 696 2261 800 2312; x_wconf 88' lang='lat' dir='ltr'><strong>tamen</strong></span> <span class='ocrx_word' id='word_1_162' title='bbox 815 2249 1000 2312; x_wconf 86' lang='lat' dir='ltr'><strong>Ciceronem</strong></span> <span class='ocrx_word' id='word_1_163' title='bbox 1019 2251 1161 2312; x_wconf 80' lang='lat' dir='ltr'><strong>emulum</strong></span> <span class='ocrx_word' id='word_1_164' title='bbox 1178 2251 1297 2330; x_wconf 88' lang='lat' dir='ltr'><strong>reperit</strong></span> 
     </span>
     <span class='ocr_line' id='line_1_20' title="bbox 191 2349 1296 2432; baseline -0.001 -21"><span class='ocrx_word' id='word_1_165' title='bbox 191 2351 310 2413; x_wconf 79' lang='lat' dir='ltr'><strong>viribus</strong></span> <span class='ocrx_word' id='word_1_166' title='bbox 329 2371 393 2412; x_wconf 89' lang='lat' dir='ltr'><strong>nou</strong></span> <span class='ocrx_word' id='word_1_167' title='bbox 413 2349 581 2423; x_wconf 88' lang='lat' dir='ltr'><strong>minorem,</strong></span> <span class='ocrx_word' id='word_1_168' title='bbox 603 2349 779 2411; x_wconf 87' lang='lat' dir='ltr'><strong>eruditione</strong></span> <span class='ocrx_word' id='word_1_169' title='bbox 798 2349 967 2432; x_wconf 86' lang='lat' dir='ltr'><strong>potiorem,</strong></span> <span class='ocrx_word' id='word_1_170' title='bbox 991 2351 1043 2430; x_wconf 91' lang='lat' dir='ltr'><strong>qui</strong></span> <span class='ocrx_word' id='word_1_171' title='bbox 1064 2352 1176 2413; x_wconf 90' lang='lat' dir='ltr'><strong>deinde</strong></span> <span class='ocrx_word' id='word_1_172' title='bbox 1193 2350 1296 2430; x_wconf 88' lang='lat' dir='ltr'><strong>juncti</strong></span> 
     </span>
     <span class='ocr_line' id='line_1_21' title="bbox 190 2445 1295 2530; baseline 0 -22"><span class='ocrx_word' id='word_1_173' title='bbox 190 2449 334 2510; x_wconf 85' lang='lat' dir='ltr'><strong>maximis</strong></span> <span class='ocrx_word' id='word_1_174' title='bbox 348 2447 447 2509; x_wconf 88' lang='lat' dir='ltr'><strong>causis</strong></span> <span class='ocrx_word' id='word_1_175' title='bbox 461 2467 588 2530; x_wconf 89' lang='lat' dir='ltr'><strong>operam</strong></span> <span class='ocrx_word' id='word_1_176' title='bbox 602 2447 766 2508; x_wconf 89' lang='lat' dir='ltr'><strong>dederuut.</strong></span> <span class='ocrx_word' id='word_1_177' title='bbox 790 2445 884 2509; x_wconf 85' lang='lat' dir='ltr'><strong>Circa</strong></span> <span class='ocrx_word' id='word_1_178' title='bbox 903 2445 1107 2524; x_wconf 89' lang='lat' dir='ltr'><strong>Ciceronem,</strong></span> <span class='ocrx_word' id='word_1_179' title='bbox 1130 2461 1162 2512; x_wconf 91' lang='lat' dir='ltr'><strong>et</strong></span> <span class='ocrx_word' id='word_1_180' title='bbox 1181 2447 1295 2529; x_wconf 84' lang='lat' dir='ltr'><strong>partim</strong></span> 
     </span>
     <span class='ocr_line' id='line_1_22' title="bbox 190 2548 1294 2632; baseline -0.002 -20"><span class='ocrx_word' id='word_1_181' title='bbox 190 2570 227 2612; x_wconf 85' lang='lat' dir='ltr'><strong>ex</strong></span> <span class='ocrx_word' id='word_1_182' title='bbox 241 2549 308 2632; x_wconf 86' lang='lat' dir='ltr'><strong>ejus</strong></span> <span class='ocrx_word' id='word_1_183' title='bbox 323 2548 456 2624; x_wconf 84' lang='lat' dir='ltr'><strong>officina,</strong></span> <span class='ocrx_word' id='word_1_184' title='bbox 469 2549 495 2611; x_wconf 89' lang='lat' dir='ltr'><strong>si</strong></span> <span class='ocrx_word' id='word_1_185' title='bbox 508 2550 651 2610; x_wconf 82' lang='lat' dir='ltr'><strong>Gr&#39;aecnm</strong></span> <span class='ocrx_word' id='word_1_186' title='bbox 665 2548 823 2610; x_wconf 88' lang='lat' dir='ltr'><strong>rhetorem</strong></span> <span class='ocrx_word' id='word_1_187' title='bbox 838 2567 909 2610; x_wconf 90' lang='lat' dir='ltr'><strong>cum</strong></span> <span class='ocrx_word' id='word_1_188' title='bbox 925 2551 1050 2611; x_wconf 88' lang='lat' dir='ltr'><strong>console</strong></span> <span class='ocrx_word' id='word_1_189' title='bbox 1060 2552 1201 2612; x_wconf 89' lang='lat' dir='ltr'><strong>Romano</strong></span> <span class='ocrx_word' id='word_1_190' title='bbox 1213 2571 1294 2611; x_wconf 89' lang='lat' dir='ltr'><strong>eom·</strong></span> 
     </span>
     <span class='ocr_line' id='line_1_23' title="bbox 190 2644 1292 2729; baseline -0.001 -21"><span class='ocrx_word' id='word_1_191' title='bbox 190 2647 295 2727; x_wconf 89' lang='lat' dir='ltr'><strong>parari</strong></span> <span class='ocrx_word' id='word_1_192' title='bbox 311 2646 592 2729; x_wconf 86' lang='lat' dir='ltr'><strong>licet,prodierunt</strong></span> <span class='ocrx_word' id='word_1_193' title='bbox 606 2645 642 2706; x_wconf 86' lang='lat' dir='ltr'><strong>C.</strong></span> <span class='ocrx_word' id='word_1_194' title='bbox 659 2645 775 2714; x_wconf 69' lang='lat' dir='ltr'><strong>Caesar,</strong></span> <span class='ocrx_word' id='word_1_195' title='bbox 792 2645 844 2706; x_wconf 92' lang='lat' dir='ltr'><strong>M.</strong></span> <span class='ocrx_word' id='word_1_196' title='bbox 861 2644 952 2720; x_wconf 86' lang='lat' dir='ltr'><strong>Cato,</strong></span> <span class='ocrx_word' id='word_1_197' title='bbox 973 2644 1041 2708; x_wconf 85' lang='lat' dir='ltr'><strong>Ser.</strong></span> <span class='ocrx_word' id='word_1_198' title='bbox 1060 2648 1222 2726; x_wconf 82' lang='lat' dir='ltr'><strong>Sulpicius,</strong></span> <span class='ocrx_word' id='word_1_199' title='bbox 1239 2649 1292 2708; x_wconf 91' lang='lat' dir='ltr'><strong>M.</strong></span> 
     </span>
     <span class='ocr_line' id='line_1_24' title="bbox 193 2741 1292 2822; baseline 0.003 -20"><span class='ocrx_word' id='word_1_200' title='bbox 193 2744 340 2813; x_wconf 81' lang='lat' dir='ltr'><strong>Calidius,</strong></span> <span class='ocrx_word' id='word_1_201' title='bbox 363 2744 414 2802; x_wconf 91' lang='lat' dir='ltr'><strong>M.</strong></span> <span class='ocrx_word' id='word_1_202' title='bbox 437 2743 560 2822; x_wconf 81' lang='lat' dir='ltr'><strong>Coelins,</strong></span> <span class='ocrx_word' id='word_1_203' title='bbox 585 2742 620 2802; x_wconf 86' lang='lat' dir='ltr'><strong>C.</strong></span> <span class='ocrx_word' id='word_1_204' title='bbox 648 2742 767 2812; x_wconf 77' lang='lat' dir='ltr'><strong>Calvus,</strong></span> <span class='ocrx_word' id='word_1_205' title='bbox 793 2741 828 2799; x_wconf 89' lang='lat' dir='ltr'><strong>C.</strong></span> <span class='ocrx_word' id='word_1_206' title='bbox 856 2741 944 2801; x_wconf 83' lang='lat' dir='ltr'><strong>Cun&#39;o</strong></span> <span class='ocrx_word' id='word_1_207' title='bbox 970 2748 1083 2812; x_wconf 82' lang='lat' dir='ltr'><strong>minor,</strong></span> <span class='ocrx_word' id='word_1_208' title='bbox 1104 2746 1151 2806; x_wconf 91' lang='grc' dir='ltr'><strong>Μ.</strong></span> <span class='ocrx_word' id='word_1_209' title='bbox 1166 2746 1292 2817; x_wconf 75' lang='grc'><strong>8111111,</strong></span> 
     </span>
     <span class='ocr_line' id='line_1_25' title="bbox 190 2836 1294 2918; baseline 0.004 -18"><span class='ocrx_word' id='word_1_210' title='bbox 190 2841 242 2903; x_wconf 90' lang='lat' dir='ltr'><strong>M.</strong></span> <span class='ocrx_word' id='word_1_211' title='bbox 260 2841 405 2904; x_wconf 80' lang='lat' dir='ltr'><strong>Valerius</strong></span> <span class='ocrx_word' id='word_1_212' title='bbox 428 2839 575 2902; x_wconf 76' lang='lat' dir='ltr'><strong>Messala.</strong></span> <span class='ocrx_word' id='word_1_213' title='bbox 604 2837 667 2898; x_wconf 89' lang='lat' dir='ltr'><strong>Sed</strong></span> <span class='ocrx_word' id='word_1_214' title='bbox 686 2836 904 2917; x_wconf 82' lang='lat' dir='ltr'><strong>praemittendi,</strong></span> <span class='ocrx_word' id='word_1_215' title='bbox 936 2851 1101 2918; x_wconf 86' lang='lat' dir='ltr'><strong>autequam</strong></span> <span class='ocrx_word' id='word_1_216' title='bbox 1123 2841 1163 2902; x_wconf 89' lang='lat' dir='ltr'><strong>ad</strong></span> <span class='ocrx_word' id='word_1_217' title='bbox 1184 2844 1294 2904; x_wconf 88' lang='lat' dir='ltr'><strong>horum</strong></span> 
     </span>
     <span class='ocr_line' id='line_1_26' title="bbox 188 2931 1353 3015; baseline 0.002 -19"><span class='ocrx_word' id='word_1_218' title='bbox 188 2955 240 2998; x_wconf 89' lang='lat' dir='ltr'><strong>res</strong></span> <span class='ocrx_word' id='word_1_219' title='bbox 260 2949 293 2998; x_wconf 93' lang='lat' dir='ltr'><strong>et</strong></span> <span class='ocrx_word' id='word_1_220' title='bbox 312 2948 435 2996; x_wconf 80' lang='lat' dir='ltr'><strong>aetatem</strong></span> <span class='ocrx_word' id='word_1_221' title='bbox 456 2933 665 3015; x_wconf 79' lang='lat' dir='ltr'><strong>pervenimus,</strong></span> <span class='ocrx_word' id='word_1_222' title='bbox 689 2931 839 3006; x_wconf 89' lang='lat' dir='ltr'><strong>seniores,</strong></span> <span class='ocrx_word' id='word_1_223' title='bbox 864 2953 934 2996; x_wconf 92' lang='lat' dir='ltr'><strong>cum</strong></span> <span class='ocrx_word' id='word_1_224' title='bbox 957 2933 1067 3013; x_wconf 89' lang='lat' dir='ltr'><strong>quibus</strong></span> <span class='ocrx_word' id='word_1_225' title='bbox 1089 2947 1194 3000; x_wconf 87' lang='lat' dir='ltr'><strong>tamen</strong></span> <span class='ocrx_word' id='word_1_226' title='bbox 1215 2935 1293 2998; x_wconf 80' lang='lat' dir='ltr'><strong>vixit</strong></span> <span class='ocrx_word' id='word_1_227' title='bbox 1351 2933 1353 2939; x_wconf 75' lang='grc'><strong>’</strong></span> 
     </span>
     <span class='ocr_line' id='line_1_27' title="bbox 189 3032 390 3094; baseline -0.005 0"><span class='ocrx_word' id='word_1_228' title='bbox 189 3032 318 3094; x_wconf 88' lang='lat' dir='ltr'><strong>Cicero.</strong></span> <span class='ocrx_word' id='word_1_229' title='bbox 389 3073 390 3076; x_wconf 55' lang='lat'><em>=</em></span> 
     </span>
    </p>

    <p class='ocr_par' dir='ltr' id='par_1_6' title="bbox 185 3128 1315 4304">
     <span class='ocr_line' id='line_1_28' title="bbox 231 3128 1293 3207; baseline 0.003 -14"><span class='ocrx_word' id='word_1_230' title='bbox 231 3132 319 3193; x_wconf 88' lang='lat' dir='ltr'><strong>Gens</strong></span> <span class='ocrx_word' id='word_1_231' title='bbox 335 3129 479 3202; x_wconf 80' lang='lat' dir='ltr'><strong>Aurelia,</strong></span> <span class='ocrx_word' id='word_1_232' title='bbox 499 3140 572 3190; x_wconf 85' lang='lat' dir='ltr'><strong>ante</strong></span> <span class='ocrx_word' id='word_1_233' title='bbox 583 3131 706 3192; x_wconf 82' lang='lat' dir='ltr'><strong>Auselia</strong></span> <span class='ocrx_word' id='word_1_234' title='bbox 721 3130 817 3204; x_wconf 89' lang='lat' dir='ltr'><strong>dicta,</strong></span> <span class='ocrx_word' id='word_1_235' title='bbox 832 3151 870 3192; x_wconf 88' lang='lat' dir='ltr'><strong>ex</strong></span> <span class='ocrx_word' id='word_1_236' title='bbox 884 3128 1010 3195; x_wconf 86' lang='lat' dir='ltr'><strong>Sabinis</strong></span> <span class='ocrx_word' id='word_1_237' title='bbox 1025 3129 1174 3207; x_wconf 89' lang='lat' dir='ltr'><strong>oriunda,</strong></span> <span class='ocrx_word' id='word_1_238' title='bbox 1194 3135 1293 3196; x_wconf 87' lang='lat' dir='ltr'><strong>ternis</strong></span> 
     </span>
     <span class='ocr_line' id='line_1_29' title="bbox 192 3221 1290 3304; baseline 0.003 -17"><span class='ocrx_word' id='word_1_239' title='bbox 192 3221 430 3303; x_wconf 81' lang='lat' dir='ltr'><strong>cognominibus</strong></span> <span class='ocrx_word' id='word_1_240' title='bbox 449 3225 484 3286; x_wconf 92' lang='lat' dir='ltr'><strong>iu</strong></span> <span class='ocrx_word' id='word_1_241' title='bbox 504 3237 610 3288; x_wconf 84' lang='lat' dir='ltr'><strong>ternas</strong></span> <span class='ocrx_word' id='word_1_242' title='bbox 629 3226 729 3288; x_wconf 85' lang='lat' dir='ltr'><strong>divisa</strong></span> <span class='ocrx_word' id='word_1_243' title='bbox 750 3226 895 3300; x_wconf 85' lang='lat' dir='ltr'><strong>familias,</strong></span> <span class='ocrx_word' id='word_1_244' title='bbox 911 3228 1082 3304; x_wconf 89' lang='lat' dir='ltr'><strong>Cottarum,</strong></span> <span class='ocrx_word' id='word_1_245' title='bbox 1098 3227 1290 3303; x_wconf 82' lang='lat' dir='ltr'><strong>Orestamm,</strong></span> 
     </span>
     <span class='ocr_line' id='line_1_30' title="bbox 188 3324 1289 3409; baseline 0.002 -21"><span class='ocrx_word' id='word_1_246' title='bbox 188 3324 386 3388; x_wconf 89' lang='lat' dir='ltr'><strong>Scaurorum.</strong></span> <span class='ocrx_word' id='word_1_247' title='bbox 402 3324 525 3386; x_wconf 86' lang='lat' dir='ltr'><strong>Primos</strong></span> <span class='ocrx_word' id='word_1_248' title='bbox 536 3345 686 3386; x_wconf 90' lang='lat' dir='ltr'><strong>summum</strong></span> <span class='ocrx_word' id='word_1_249' title='bbox 699 3326 849 3390; x_wconf 86' lang='lat' dir='ltr'><strong>honorem</strong></span> <span class='ocrx_word' id='word_1_250' title='bbox 864 3330 991 3409; x_wconf 83' lang='lat' dir='ltr'><strong>adeptus</strong></span> <span class='ocrx_word' id='word_1_251' title='bbox 1001 3327 1041 3390; x_wconf 90' lang='lat' dir='ltr'><strong>C.</strong></span> <span class='ocrx_word' id='word_1_252' title='bbox 1053 3328 1156 3402; x_wconf 88' lang='lat' dir='ltr'><strong>Cotta,</strong></span> <span class='ocrx_word' id='word_1_253' title='bbox 1170 3349 1240 3392; x_wconf 89' lang='lat' dir='ltr'><strong>cum</strong></span> <span class='ocrx_word' id='word_1_254' title='bbox 1251 3329 1289 3394; x_wconf 77' lang='lat' dir='ltr'><strong>C:</strong></span> 
     </span>
     <span class='ocr_line' id='line_1_31' title="bbox 187 3425 1315 3506; baseline 0.004 -16"><span class='ocrx_word' id='word_1_255' title='bbox 187 3425 321 3490; x_wconf 84' lang='lat' dir='ltr'><strong>Servilio</strong></span> <span class='ocrx_word' id='word_1_256' title='bbox 335 3426 470 3488; x_wconf 88' lang='lat' dir='ltr'><strong>Gemino</strong></span> <span class='ocrx_word' id='word_1_257' title='bbox 485 3426 556 3489; x_wconf 91' lang='lat' dir='ltr'><strong>Cos.</strong></span> <span class='ocrx_word' id='word_1_258' title='bbox 576 3446 607 3486; x_wconf 91' lang='grc'><strong>1.</strong></span> <span class='ocrx_word' id='word_1_259' title='bbox 627 3426 700 3488; x_wconf 89' lang='grc'><strong>501.</strong></span> <span class='ocrx_word' id='word_1_260' title='bbox 728 3429 866 3490; x_wconf 82' lang='lat' dir='ltr'><strong>Fuerunt</strong></span> <span class='ocrx_word' id='word_1_261' title='bbox 883 3443 984 3492; x_wconf 87' lang='lat' dir='ltr'><strong>autem</strong></span> <span class='ocrx_word' id='word_1_262' title='bbox 995 3430 1034 3492; x_wconf 82' lang='lat' dir='ltr'><strong>C.</strong></span> <span class='ocrx_word' id='word_1_263' title='bbox 1047 3431 1169 3493; x_wconf 80' lang='lat' dir='ltr'><strong>Aurelii</strong></span> <span class='ocrx_word' id='word_1_264' title='bbox 1180 3430 1288 3506; x_wconf 77' lang='lat' dir='ltr'><strong>Cottae,</strong></span> <span class='ocrx_word' id='word_1_265' title='bbox 1312 3459 1315 3466; x_wconf 93' lang='lat'>·</span> 
     </span>
     <span class='ocr_line' id='line_1_32' title="bbox 187 3522 1291 3604; baseline 0.005 -19"><span class='ocrx_word' id='word_1_266' title='bbox 187 3525 225 3585; x_wconf 90' lang='lat' dir='ltr'><strong>de</strong></span> <span class='ocrx_word' id='word_1_267' title='bbox 241 3543 300 3604; x_wconf 90' lang='lat' dir='ltr'><strong>qno</strong></span> <span class='ocrx_word' id='word_1_268' title='bbox 315 3543 398 3586; x_wconf 84' lang='lat' dir='ltr'><strong>nnuc</strong></span> <span class='ocrx_word' id='word_1_269' title='bbox 418 3522 559 3598; x_wconf 88' lang='lat' dir='ltr'><strong>dicimus,</strong></span> <span class='ocrx_word' id='word_1_270' title='bbox 580 3525 696 3587; x_wconf 65' lang='lat' dir='ltr'><strong>iratres,</strong></span> <span class='ocrx_word' id='word_1_271' title='bbox 714 3526 785 3602; x_wconf 90' lang='lat' dir='ltr'><strong>duo,</strong></span> <span class='ocrx_word' id='word_1_272' title='bbox 809 3527 933 3588; x_wconf 87' lang='lat' dir='ltr'><strong>Marcus</strong></span> <span class='ocrx_word' id='word_1_273' title='bbox 952 3527 1024 3589; x_wconf 90' lang='lat' dir='ltr'><strong>Cos.</strong></span> <span class='ocrx_word' id='word_1_274' title='bbox 1046 3527 1118 3599; x_wconf 80' lang='lat' dir='ltr'><strong>ote,</strong></span> <span class='ocrx_word' id='word_1_275' title='bbox 1135 3541 1167 3588; x_wconf 88' lang='lat' dir='ltr'><strong>et</strong></span> <span class='ocrx_word' id='word_1_276' title='bbox 1180 3527 1291 3590; x_wconf 87' lang='lat' dir='ltr'><strong>Lucius</strong></span> 
     </span>
     <span class='ocr_line' id='line_1_33' title="bbox 187 3622 1289 3710; baseline 0.005 -24"><span class='ocrx_word' id='word_1_277' title='bbox 187 3624 257 3686; x_wconf 78' lang='lat' dir='ltr'><strong>Cos.</strong></span> <span class='ocrx_word' id='word_1_278' title='bbox 270 3622 353 3702; x_wconf 75' lang='lat'><strong>6883</strong></span> <span class='ocrx_word' id='word_1_279' title='bbox 366 3637 400 3686; x_wconf 91' lang='lat' dir='ltr'><strong>et</strong></span> <span class='ocrx_word' id='word_1_280' title='bbox 410 3639 560 3707; x_wconf 78' lang='lat' dir='ltr'><strong>preterea</strong></span> <span class='ocrx_word' id='word_1_281' title='bbox 570 3625 719 3707; x_wconf 87' lang='lat' dir='ltr'><strong>patruelis</strong></span> <span class='ocrx_word' id='word_1_282' title='bbox 729 3627 763 3688; x_wconf 95' lang='lat' dir='ltr'><strong>L.</strong></span> <span class='ocrx_word' id='word_1_283' title='bbox 777 3627 881 3699; x_wconf 90' lang='lat' dir='ltr'><strong>Cotta,</strong></span> <span class='ocrx_word' id='word_1_284' title='bbox 894 3629 947 3710; x_wconf 86' lang='lat' dir='ltr'><strong>qni</strong></span> <span class='ocrx_word' id='word_1_285' title='bbox 957 3629 1040 3690; x_wconf 88' lang='lat' dir='ltr'><strong>ultra</strong></span> <span class='ocrx_word' id='word_1_286' title='bbox 1048 3639 1215 3710; x_wconf 76' lang='lat' dir='ltr'><strong>praeturam</strong></span> <span class='ocrx_word' id='word_1_287' title='bbox 1226 3649 1289 3692; x_wconf 90' lang='lat' dir='ltr'><strong>uon</strong></span> 
     </span>
     <span class='ocr_line' id='line_1_34' title="bbox 189 3723 1289 3808; baseline 0.009 -24"><span class='ocrx_word' id='word_1_288' title='bbox 189 3724 349 3789; x_wconf 89' lang='lat' dir='ltr'><strong>adscendit</strong></span> <span class='ocrx_word' id='word_1_289' title='bbox 361 3723 440 3808; x_wconf 87' lang='lat' dir='ltr'><strong>(Cic.</strong></span> <span class='ocrx_word' id='word_1_290' title='bbox 452 3729 541 3789; x_wconf 88' lang='lat' dir='ltr'><strong>Brut.</strong></span> <span class='ocrx_word' id='word_1_291' title='bbox 551 3747 579 3789; x_wconf 90' lang='lat' dir='ltr'><strong>c.</strong></span> <span class='ocrx_word' id='word_1_292' title='bbox 591 3728 631 3789; x_wconf 85' lang='grc'><strong>36</strong></span> <span class='ocrx_word' id='word_1_293' title='bbox 643 3726 721 3790; x_wconf 78' lang='grc'><strong>1111</strong></span> <span class='ocrx_word' id='word_1_294' title='bbox 730 3753 739 3806; x_wconf 80' lang='lat'>3</span> <span class='ocrx_word' id='word_1_295' title='bbox 757 3728 1062 3802; x_wconf 83' lang='lat' dir='ltr'><strong>cont.1)e0rat.ttt‚</strong></span> <span class='ocrx_word' id='word_1_296' title='bbox 1078 3727 1138 3804; x_wconf 91' lang='grc'><strong>11).</strong></span> <span class='ocrx_word' id='word_1_297' title='bbox 1151 3728 1186 3792; x_wconf 89' lang='lat' dir='ltr'><strong>C.</strong></span> <span class='ocrx_word' id='word_1_298' title='bbox 1198 3731 1289 3794; x_wconf 86' lang='lat' dir='ltr'><strong>Cotta</strong></span> 
     </span>
     <span class='ocr_line' id='line_1_35' title="bbox 189 3819 1288 3907; baseline 0.006 -26"><span class='ocrx_word' id='word_1_299' title='bbox 189 3819 366 3893; x_wconf 79' lang='grc'><strong>11111629,</strong></span> <span class='ocrx_word' id='word_1_300' title='bbox 388 3823 512 3904; x_wconf 80' lang='lat' dir='ltr'><strong>equalis</strong></span> <span class='ocrx_word' id='word_1_301' title='bbox 529 3823 676 3905; x_wconf 88' lang='lat' dir='ltr'><strong>Sulpicio,</strong></span> <span class='ocrx_word' id='word_1_302' title='bbox 700 3845 790 3906; x_wconf 88' lang='lat' dir='ltr'><strong>quem</strong></span> <span class='ocrx_word' id='word_1_303' title='bbox 804 3837 921 3899; x_wconf 88' lang='lat' dir='ltr'><strong>tamen,</strong></span> <span class='ocrx_word' id='word_1_304' title='bbox 941 3846 1010 3888; x_wconf 90' lang='lat' dir='ltr'><strong>oum</strong></span> <span class='ocrx_word' id='word_1_305' title='bbox 1023 3837 1096 3887; x_wconf 83' lang='lat' dir='ltr'><strong>ante</strong></span> <span class='ocrx_word' id='word_1_306' title='bbox 1107 3837 1288 3907; x_wconf 71' lang='lat' dir='ltr'><strong>questurum</strong></span> 
     </span>
     <span class='ocr_line' id='line_1_36' title="bbox 187 3919 1286 4005; baseline 0.002 -21"><span class='ocrx_word' id='word_1_307' title='bbox 187 3919 315 3997; x_wconf 81' lang='lat' dir='ltr'><strong>gessisse</strong></span> <span class='ocrx_word' id='word_1_308' title='bbox 325 3919 480 3998; x_wconf 76' lang='lat' dir='ltr'><strong>videatur,</strong></span> <span class='ocrx_word' id='word_1_309' title='bbox 496 3921 530 3982; x_wconf 94' lang='lat' dir='ltr'><strong>iu</strong></span> <span class='ocrx_word' id='word_1_310' title='bbox 545 3922 706 3984; x_wconf 88' lang='lat' dir='ltr'><strong>tribunatu</strong></span> <span class='ocrx_word' id='word_1_311' title='bbox 720 3925 852 4005; x_wconf 84' lang='lat' dir='ltr'><strong>petendo</strong></span> <span class='ocrx_word' id='word_1_312' title='bbox 867 3923 1048 3988; x_wconf 88' lang='lat' dir='ltr'><strong>antevertit.</strong></span> <span class='ocrx_word' id='word_1_313' title='bbox 1063 3925 1192 3988; x_wconf 89' lang='lat' dir='ltr'><strong>Petebat</strong></span> <span class='ocrx_word' id='word_1_314' title='bbox 1203 3927 1286 3988; x_wconf 90' lang='lat' dir='ltr'><strong>enim</strong></span> 
     </span>
     <span class='ocr_line' id='line_1_37' title="bbox 188 4016 1286 4102; baseline 0.004 -22"><span class='ocrx_word' id='word_1_315' title='bbox 188 4017 224 4080; x_wconf 70' lang='lat'><strong>1..</strong></span> <span class='ocrx_word' id='word_1_316' title='bbox 238 4016 370 4092; x_wconf 84' lang='lat' dir='ltr'><strong>Marcio,</strong></span> <span class='ocrx_word' id='word_1_317' title='bbox 385 4019 456 4082; x_wconf 86' lang='lat' dir='ltr'><strong>Sex.</strong></span> <span class='ocrx_word' id='word_1_318' title='bbox 470 4019 593 4082; x_wconf 76' lang='lat' dir='ltr'><strong>Cessare</strong></span> <span class='ocrx_word' id='word_1_319' title='bbox 604 4022 690 4084; x_wconf 87' lang='lat' dir='ltr'><strong>Coss.</strong></span> <span class='ocrx_word' id='word_1_320' title='bbox 704 4041 764 4102; x_wconf 88' lang='lat' dir='ltr'><strong>quo</strong></span> <span class='ocrx_word' id='word_1_321' title='bbox 776 4042 858 4084; x_wconf 87' lang='lat' dir='ltr'><strong>anno</strong></span> <span class='ocrx_word' id='word_1_322' title='bbox 869 4023 984 4102; x_wconf 80' lang='lat' dir='ltr'><strong>dialogi</strong></span> <span class='ocrx_word' id='word_1_323' title='bbox 994 4023 1042 4087; x_wconf 85' lang='lat' dir='ltr'><strong>De</strong></span> <span class='ocrx_word' id='word_1_324' title='bbox 1053 4036 1177 4086; x_wconf 90' lang='lat' dir='ltr'><strong>oratore</strong></span> <span class='ocrx_word' id='word_1_325' title='bbox 1187 4023 1286 4084; x_wconf 87' lang='lat' dir='ltr'><strong>babiti</strong></span> 
     </span>
     <span class='ocr_line' id='line_1_38' title="bbox 185 4115 1286 4204; baseline 0.007 -27"><span class='ocrx_word' id='word_1_326' title='bbox 185 4115 339 4190; x_wconf 71' lang='lat' dir='ltr'><strong>feruntur,</strong></span> <span class='ocrx_word' id='word_1_327' title='bbox 349 4119 383 4180; x_wconf 91' lang='lat' dir='ltr'><strong>in</strong></span> <span class='ocrx_word' id='word_1_328' title='bbox 394 4139 510 4182; x_wconf 92' lang='lat' dir='ltr'><strong>anuum</strong></span> <span class='ocrx_word' id='word_1_329' title='bbox 518 4125 559 4188; x_wconf 90' lang='lat' dir='ltr'><strong>U.</strong></span> <span class='ocrx_word' id='word_1_330' title='bbox 573 4121 633 4183; x_wconf 88' lang='grc'><strong>663</strong></span> <span class='ocrx_word' id='word_1_331' title='bbox 647 4118 725 4204; x_wconf 87' lang='lat' dir='ltr'><strong>(Cic.</strong></span> <span class='ocrx_word' id='word_1_332' title='bbox 737 4123 874 4186; x_wconf 85' lang='lat' dir='ltr'><strong>Deerat.</strong></span> <span class='ocrx_word' id='word_1_333' title='bbox 889 4123 916 4197; x_wconf 90' lang='lat' dir='ltr'><strong>I,</strong></span> <span class='ocrx_word' id='word_1_334' title='bbox 927 4125 968 4199; x_wconf 79' lang='lat' dir='ltr'><strong>l).</strong></span> <span class='ocrx_word' id='word_1_335' title='bbox 982 4125 1053 4186; x_wconf 83' lang='lat' dir='ltr'><strong>Mox</strong></span> <span class='ocrx_word' id='word_1_336' title='bbox 1064 4138 1167 4186; x_wconf 89' lang='lat' dir='ltr'><strong>tamen</strong></span> <span class='ocrx_word' id='word_1_337' title='bbox 1176 4124 1286 4187; x_wconf 85' lang='lat' dir='ltr'><strong>Crasso</strong></span> 
     </span>
     <span class='ocr_line' id='line_1_39' title="bbox 189 4209 1285 4304; baseline 0.009 -32"><span class='ocrx_word' id='word_1_338' title='bbox 189 4209 242 4274; x_wconf 81' lang='lat' dir='ltr'><strong>rix</strong></span> <span class='ocrx_word' id='word_1_339' title='bbox 262 4215 433 4292; x_wconf 81' lang='lat' dir='ltr'><strong>exstincto,</strong></span> <span class='ocrx_word' id='word_1_340' title='bbox 454 4221 706 4302; x_wconf 78' lang='lat' dir='ltr'><strong>repetundarum,</strong></span> <span class='ocrx_word' id='word_1_341' title='bbox 728 4239 799 4283; x_wconf 82' lang='lat' dir='ltr'><strong>mox</strong></span> <span class='ocrx_word' id='word_1_342' title='bbox 819 4219 995 4301; x_wconf 74' lang='lat' dir='ltr'><strong>legeVaria</strong></span> <span class='ocrx_word' id='word_1_343' title='bbox 1014 4222 1192 4304; x_wconf 76' lang='lat' dir='ltr'><strong>postulatus,</strong></span> <span class='ocrx_word' id='word_1_344' title='bbox 1216 4242 1285 4286; x_wconf 89' lang='lat' dir='ltr'><strong>eum</strong></span> 
     </span>
    </p>
   </div>
   <div class='ocr_carea' id='block_1_6' title="bbox 0 0 1648 5344">
    <p class='ocr_par' dir='ltr' id='par_1_7' title="bbox 0 0 1648 5344">
     <span class='ocr_line' id='line_1_40' title="bbox 0 0 1648 5344; baseline 0 3"><span class='ocrx_word' id='word_1_345' title='bbox 0 0 1648 5344; x_wconf 95' lang='lat' dir='ltr'><strong> </strong></span> 
     </span>
    </p>
   </div>
  </div>
 </body>
</html>
