<?xml version="1.0" encoding="UTF-8"?>
<!DOCTYPE html PUBLIC "-//W3C//DTD XHTML 1.0 Transitional//EN"
    "http://www.w3.org/TR/xhtml1/DTD/xhtml1-transitional.dtd">
<html xmlns="http://www.w3.org/1999/xhtml" xml:lang="en" lang="en">
 <head>
  <title>
</title>
<meta http-equiv="Content-Type" content="text/html;charset=utf-8" />
  <meta name='ocr-system' content='tesseract 3.04.00' />
  <meta name='ocr-capabilities' content='ocr_page ocr_carea ocr_par ocr_line ocrx_word'/>
</head>
<body>
  <div class='ocr_page' id='page_1' title='image "./oratorumromanor01meyegoog_0023.png"; bbox 0 0 3288 5344; ppageno 0'>
   <div class='ocr_carea' id='block_1_1' title="bbox 336 513 1441 734">
    <p class='ocr_par' dir='ltr' id='par_1_1' title="bbox 336 513 1441 734">
     <span class='ocr_line' id='line_1_1' title="bbox 854 513 913 562; baseline -0.017 0"><span class='ocrx_word' id='word_1_1' title='bbox 854 513 913 562; x_wconf 75' lang='lat' dir='ltr'>xiv</span> 
     </span>
     <span class='ocr_line' id='line_1_2' title="bbox 336 627 1441 734; baseline -0.007 -25"><span class='ocrx_word' id='word_1_2' title='bbox 336 635 630 734; x_wconf 79' lang='lat' dir='ltr'>persequentibus</span> <span class='ocrx_word' id='word_1_3' title='bbox 660 633 871 729; x_wconf 68' lang='lat' dir='ltr'>eloquentiae</span> <span class='ocrx_word' id='word_1_4' title='bbox 907 633 1076 701; x_wconf 86' lang='lat' dir='ltr'>Romanae</span> <span class='ocrx_word' id='word_1_5' title='bbox 1107 627 1288 700; x_wconf 77' lang='lat' dir='ltr'><strong>historiam</strong></span> <span class='ocrx_word' id='word_1_6' title='bbox 1321 630 1441 702; x_wconf 85' lang='lat' dir='ltr'>incre-</span> 
     </span>
    </p>
   </div>
   <div class='ocr_carea' id='block_1_2' title="bbox 336 753 1438 851">
    <p class='ocr_par' dir='ltr' id='par_1_2' title="bbox 336 753 1438 851">
     <span class='ocr_line' id='line_1_3' title="bbox 336 753 1438 851; baseline -0.005 -21"><span class='ocrx_word' id='word_1_7' title='bbox 336 775 456 830; x_wconf 88' lang='lat' dir='ltr'>menta</span> <span class='ocrx_word' id='word_1_8' title='bbox 473 753 577 828; x_wconf 69' lang='lat' dir='ltr'>¹simul</span> <span class='ocrx_word' id='word_1_9' title='bbox 592 771 629 827; x_wconf 90' lang='lat' dir='ltr'>et</span> <span class='ocrx_word' id='word_1_10' title='bbox 646 755 773 826; x_wconf 81' lang='lat' dir='ltr'>liorem</span> <span class='ocrx_word' id='word_1_11' title='bbox 795 755 873 851; x_wconf 91' lang='lat' dir='ltr'>ejus</span> <span class='ocrx_word' id='word_1_12' title='bbox 897 770 1002 850; x_wconf 86' lang='lat' dir='ltr'>atque</span> <span class='ocrx_word' id='word_1_13' title='bbox 1021 754 1203 823; x_wconf 90' lang='lat' dir='ltr'>interitum</span> <span class='ocrx_word' id='word_1_14' title='bbox 1222 767 1438 848; x_wconf 78' lang='lat' dir='ltr'>&#39;cognoscere</span> 
     </span>
    </p>
   </div>
   <div class='ocr_carea' id='block_1_3' title="bbox 336 881 1439 1098">
    <p class='ocr_par' dir='ltr' id='par_1_3' title="bbox 336 881 1439 1098">
     <span class='ocr_line' id='line_1_4' title="bbox 336 881 469 952; baseline -0.015 -2"><span class='ocrx_word' id='word_1_15' title='bbox 336 881 469 952; x_wconf 84' lang='lat' dir='ltr'>licebit.</span> 
     </span>
     <span class='ocr_line' id='line_1_5' title="bbox 372 998 1439 1098; baseline -0.003 -26"><span class='ocrx_word' id='word_1_16' title='bbox 372 1006 422 1072; x_wconf 92' lang='lat' dir='ltr'>·In</span> <span class='ocrx_word' id='word_1_17' title='bbox 438 1019 546 1098; x_wconf 90' lang='lat' dir='ltr'>opere</span> <span class='ocrx_word' id='word_1_18' title='bbox 566 1015 683 1072; x_wconf 89' lang='lat' dir='ltr'>autem</span> <span class='ocrx_word' id='word_1_19' title='bbox 703 999 918 1070; x_wconf 88' lang='lat' dir='ltr'>elaborando</span> <span class='ocrx_word' id='word_1_20' title='bbox 933 998 1081 1070; x_wconf 90' lang='lat' dir='ltr'>multum</span> <span class='ocrx_word' id='word_1_21' title='bbox 1095 998 1259 1094; x_wconf 81' lang='lat' dir='ltr'>profuere</span> <span class='ocrx_word' id='word_1_22' title='bbox 1275 998 1439 1069; x_wconf 85' lang='lat' dir='ltr'>Annales</span> 
     </span>
    </p>
   </div>
   <div class='ocr_carea' id='block_1_4' title="bbox 284 1113 1438 3461">
    <p class='ocr_par' dir='ltr' id='par_1_4' title="bbox 284 1113 1438 3461">
     <span class='ocr_line' id='line_1_6' title="bbox 335 1113 1438 1223; baseline -0.005 -24"><span class='ocrx_word' id='word_1_23' title='bbox 335 1127 461 1223; x_wconf 86' lang='lat' dir='ltr'>Pighii,</span> <span class='ocrx_word' id='word_1_24' title='bbox 486 1125 682 1196; x_wconf 85' lang='lat' dir='ltr'>immortale</span> <span class='ocrx_word' id='word_1_25' title='bbox 696 1150 796 1223; x_wconf 86' lang='lat' dir='ltr'>opus,</span> <span class='ocrx_word' id='word_1_26' title='bbox 822 1141 857 1196; x_wconf 90' lang='lat' dir='ltr'>et</span> <span class='ocrx_word' id='word_1_27' title='bbox 873 1113 1038 1196; x_wconf 84' lang='lat' dir='ltr'>Ellendlii</span> <span class='ocrx_word' id='word_1_28' title='bbox 1052 1126 1207 1196; x_wconf 81' lang='lat' dir='ltr'>Historia</span> <span class='ocrx_word' id='word_1_29' title='bbox 1221 1124 1438 1222; x_wconf 84' lang='lat' dir='ltr'>eloquentiae</span> 
     </span>
     <span class='ocr_line' id='line_1_7' title="bbox 338 1253 1438 1357; baseline -0.004 -31"><span class='ocrx_word' id='word_1_30' title='bbox 338 1258 522 1340; x_wconf 65' lang='lat' dir='ltr'>Romam,</span> <span class='ocrx_word' id='word_1_31' title='bbox 542 1253 694 1325; x_wconf 85' lang='lat' dir='ltr'>editioni</span> <span class='ocrx_word' id='word_1_32' title='bbox 710 1255 809 1357; x_wconf 90' lang='lat' dir='ltr'>Bruti</span> <span class='ocrx_word' id='word_1_33' title='bbox 827 1255 1026 1350; x_wconf 80' lang='lat' dir='ltr'>praeposita,</span> <span class='ocrx_word' id='word_1_34' title='bbox 1053 1254 1114 1350; x_wconf 93' lang='lat' dir='ltr'>qui</span> <span class='ocrx_word' id='word_1_35' title='bbox 1132 1275 1257 1323; x_wconf 91' lang='lat' dir='ltr'>omnes</span> <span class='ocrx_word' id='word_1_36' title='bbox 1277 1267 1438 1323; x_wconf 77' lang='lat' dir='ltr'>oratores</span> 
     </span>
     <span class='ocr_line' id='line_1_8' title="bbox 333 1377 1438 1476; baseline -0.003 -28"><span class='ocrx_word' id='word_1_37' title='bbox 333 1379 520 1476; x_wconf 88' lang='lat' dir='ltr'>usquead</span> <span class='ocrx_word' id='word_1_38' title='bbox 549 1377 702 1472; x_wconf 81' lang='lat' dir='ltr'>Augusti</span> <span class='ocrx_word' id='word_1_39' title='bbox 735 1379 921 1474; x_wconf 88' lang='lat' dir='ltr'>imperium</span> <span class='ocrx_word' id='word_1_40' title='bbox 953 1378 1092 1448; x_wconf 90' lang='lat' dir='ltr'>erudite</span> <span class='ocrx_word' id='word_1_41' title='bbox 1119 1377 1353 1474; x_wconf 85' lang='lat' dir='ltr'>persequitur.</span> <span class='ocrx_word' id='word_1_42' title='bbox 1379 1377 1438 1446; x_wconf 88' lang='lat' dir='ltr'>De</span> 
     </span>
     <span class='ocr_line' id='line_1_9' title="bbox 333 1499 1437 1598; baseline -0.005 -25"><span class='ocrx_word' id='word_1_43' title='bbox 333 1503 442 1574; x_wconf 86' lang='lat' dir='ltr'>tertia</span> <span class='ocrx_word' id='word_1_44' title='bbox 457 1499 539 1572; x_wconf 90' lang='lat' dir='ltr'>libri</span> <span class='ocrx_word' id='word_1_45' title='bbox 549 1503 619 1572; x_wconf 89' lang='lat' dir='ltr'>mei</span> <span class='ocrx_word' id='word_1_46' title='bbox 634 1511 745 1598; x_wconf 85' lang='lat' dir='ltr'>parte,</span> <span class='ocrx_word' id='word_1_47' title='bbox 765 1501 922 1574; x_wconf 72' lang='lat' dir='ltr'>deuotis</span> <span class='ocrx_word' id='word_1_48' title='bbox 940 1499 1143 1572; x_wconf 88' lang='lat' dir='ltr'>oratoribus</span> <span class='ocrx_word' id='word_1_49' title='bbox 1160 1499 1242 1572; x_wconf 82' lang='lat' dir='ltr'>intle</span> <span class='ocrx_word' id='word_1_50' title='bbox 1257 1499 1303 1570; x_wconf 88' lang='lat' dir='ltr'>ab</span> <span class='ocrx_word' id='word_1_51' title='bbox 1318 1502 1437 1594; x_wconf 85' lang='lat' dir='ltr'>Augu·</span> 
     </span>
     <span class='ocr_line' id='line_1_10' title="bbox 333 1620 1434 1722; baseline -0.005 -25"><span class='ocrx_word' id='word_1_52' title='bbox 333 1643 389 1697; x_wconf 89' lang='lat' dir='ltr'>sto</span> <span class='ocrx_word' id='word_1_53' title='bbox 418 1649 532 1722; x_wconf 90' lang='lat' dir='ltr'>usque</span> <span class='ocrx_word' id='word_1_54' title='bbox 557 1624 602 1694; x_wconf 87' lang='lat' dir='ltr'>ad</span> <span class='ocrx_word' id='word_1_55' title='bbox 628 1625 860 1696; x_wconf 80' lang='lat' dir='ltr'>remotissime</span> <span class='ocrx_word' id='word_1_56' title='bbox 884 1640 1041 1719; x_wconf 87' lang='lat' dir='ltr'>tempora</span> <span class='ocrx_word' id='word_1_57' title='bbox 1058 1621 1192 1694; x_wconf 82' lang='lat' dir='ltr'>Aurelii</span> <span class='ocrx_word' id='word_1_58' title='bbox 1216 1620 1434 1718; x_wconf 83' lang='lat' dir='ltr'>Symmachi,</span> 
     </span>
     <span class='ocr_line' id='line_1_11' title="bbox 332 1745 1436 1820; baseline -0.004 0"><span class='ocrx_word' id='word_1_59' title='bbox 332 1747 426 1820; x_wconf 86' lang='lat' dir='ltr'>nihil</span> <span class='ocrx_word' id='word_1_60' title='bbox 448 1748 563 1820; x_wconf 80' lang='lat' dir='ltr'>adhuc</span> <span class='ocrx_word' id='word_1_61' title='bbox 587 1749 632 1820; x_wconf 84' lang='lat' dir='ltr'>ab</span> <span class='ocrx_word' id='word_1_62' title='bbox 654 1747 729 1819; x_wconf 89' lang='lat' dir='ltr'>aliis</span> <span class='ocrx_word' id='word_1_63' title='bbox 754 1764 983 1818; x_wconf 90' lang='lat' dir='ltr'>memoratum</span> <span class='ocrx_word' id='word_1_64' title='bbox 1010 1749 1140 1818; x_wconf 89' lang='lat' dir='ltr'>iuveni.</span> <span class='ocrx_word' id='word_1_65' title='bbox 1172 1745 1320 1818; x_wconf 91' lang='lat' dir='ltr'>Librum</span> <span class='ocrx_word' id='word_1_66' title='bbox 1342 1747 1436 1816; x_wconf 90' lang='lat' dir='ltr'>enim</span> 
     </span>
     <span class='ocr_line' id='line_1_12' title="bbox 333 1849 1436 1970; baseline -0.004 -24"><span class='ocrx_word' id='word_1_67' title='bbox 333 1874 486 1948; x_wconf 76' lang='lat' dir='ltr'>Andreae</span> <span class='ocrx_word' id='word_1_68' title='bbox 502 1873 641 1945; x_wconf 85' lang='lat' dir='ltr'>Schotti</span> <span class='ocrx_word' id='word_1_69' title='bbox 659 1873 703 1944; x_wconf 88' lang='lat' dir='ltr'>de</span> <span class='ocrx_word' id='word_1_70' title='bbox 730 1871 833 1944; x_wconf 88' lang='lat' dir='ltr'>claris</span> <span class='ocrx_word' id='word_1_71' title='bbox 848 1872 941 1970; x_wconf 92' lang='lat' dir='ltr'>apud</span> <span class='ocrx_word' id='word_1_72' title='bbox 958 1849 1128 1944; x_wconf 85' lang='lat' dir='ltr'>Senecam</span> <span class='ocrx_word' id='word_1_73' title='bbox 1149 1869 1375 1958; x_wconf 86' lang='lat' dir='ltr'>rhetoribus,</span> <span class='ocrx_word' id='word_1_74' title='bbox 1401 1872 1436 1942; x_wconf 86' lang='lat' dir='ltr'>in</span> 
     </span>
     <span class='ocr_line' id='line_1_13' title="bbox 333 1973 1432 2095; baseline -0.005 -27"><span class='ocrx_word' id='word_1_75' title='bbox 333 2023 404 2095; x_wconf 93' lang='lat' dir='ltr'>quo</span> <span class='ocrx_word' id='word_1_76' title='bbox 434 1995 545 2094; x_wconf 83' lang='lat' dir='ltr'>multa</span> <span class='ocrx_word' id='word_1_77' title='bbox 577 2013 612 2068; x_wconf 85' lang='lat' dir='ltr'>et</span> <span class='ocrx_word' id='word_1_78' title='bbox 638 1996 733 2068; x_wconf 81' lang='lat' dir='ltr'>bona</span> <span class='ocrx_word' id='word_1_79' title='bbox 758 1973 868 2068; x_wconf 83' lang='lat' dir='ltr'>latere</span> <span class='ocrx_word' id='word_1_80' title='bbox 895 2013 994 2094; x_wconf 91' lang='lat' dir='ltr'>puto,</span> <span class='ocrx_word' id='word_1_81' title='bbox 1024 1997 1180 2068; x_wconf 88' lang='lat' dir='ltr'>nancisci</span> <span class='ocrx_word' id='word_1_82' title='bbox 1213 2019 1286 2066; x_wconf 91' lang='lat' dir='ltr'>non</span> <span class='ocrx_word' id='word_1_83' title='bbox 1317 1997 1432 2092; x_wconf 92' lang='lat' dir='ltr'>potui.</span> 
     </span>
     <span class='ocr_line' id='line_1_14' title="bbox 332 2118 1434 2218; baseline -0.004 -26"><span class='ocrx_word' id='word_1_84' title='bbox 332 2118 480 2218; x_wconf 85' lang='lat' dir='ltr'>[Neque</span> <span class='ocrx_word' id='word_1_85' title='bbox 501 2120 536 2190; x_wconf 90' lang='lat' dir='ltr'>in</span> <span class='ocrx_word' id='word_1_86' title='bbox 552 2120 663 2214; x_wconf 82' lang='lat' dir='ltr'>Regia</span> <span class='ocrx_word' id='word_1_87' title='bbox 682 2118 903 2190; x_wconf 84' lang='lat' dir='ltr'>Bibliotheca</span> <span class='ocrx_word' id='word_1_88' title='bbox 927 2119 1119 2216; x_wconf 72' lang='lat' dir='ltr'>servatur]</span> <span class='ocrx_word' id='word_1_89' title='bbox 1138 2119 1189 2190; x_wconf 84' lang='lat' dir='ltr'>Ex</span> <span class='ocrx_word' id='word_1_90' title='bbox 1205 2120 1317 2188; x_wconf 92' lang='lat' dir='ltr'>Bruto</span> <span class='ocrx_word' id='word_1_91' title='bbox 1332 2118 1434 2190; x_wconf 88' lang='lat' dir='ltr'>Cice·</span> 
     </span>
     <span class='ocr_line' id='line_1_15' title="bbox 329 2242 1435 2342; baseline 0 -28"><span class='ocrx_word' id='word_1_92' title='bbox 329 2247 429 2318; x_wconf 89' lang='lat' dir='ltr'>ronis</span> <span class='ocrx_word' id='word_1_93' title='bbox 450 2242 638 2341; x_wconf 90' lang='lat' dir='ltr'>plurimum</span> <span class='ocrx_word' id='word_1_94' title='bbox 661 2243 750 2314; x_wconf 89' lang='lat' dir='ltr'>lucis</span> <span class='ocrx_word' id='word_1_95' title='bbox 771 2244 950 2314; x_wconf 86' lang='lat' dir='ltr'>attulimus</span> <span class='ocrx_word' id='word_1_96' title='bbox 973 2245 1015 2316; x_wconf 91' lang='lat' dir='ltr'>ad</span> <span class='ocrx_word' id='word_1_97' title='bbox 1036 2244 1340 2338; x_wconf 81' lang='lat' dir='ltr'>cognoscendum,</span> <span class='ocrx_word' id='word_1_98' title='bbox 1372 2247 1435 2342; x_wconf 87' lang='lat' dir='ltr'>qui</span> 
     </span>
     <span class='ocr_line' id='line_1_16' title="bbox 330 2371 1432 2468; baseline -0.001 -25"><span class='ocrx_word' id='word_1_99' title='bbox 330 2373 397 2443; x_wconf 90' lang='lat' dir='ltr'>sint</span> <span class='ocrx_word' id='word_1_100' title='bbox 419 2386 579 2442; x_wconf 86' lang='lat' dir='ltr'>oratores</span> <span class='ocrx_word' id='word_1_101' title='bbox 598 2371 732 2466; x_wconf 88' lang='lat' dir='ltr'>antiqui</span> <span class='ocrx_word' id='word_1_102' title='bbox 749 2386 785 2440; x_wconf 92' lang='lat' dir='ltr'>et</span> <span class='ocrx_word' id='word_1_103' title='bbox 802 2371 929 2457; x_wconf 92' lang='lat' dir='ltr'>medii,</span> <span class='ocrx_word' id='word_1_104' title='bbox 955 2394 996 2442; x_wconf 87' lang='lat' dir='ltr'>ac</span> <span class='ocrx_word' id='word_1_105' title='bbox 1024 2371 1116 2467; x_wconf 91' lang='lat' dir='ltr'>quali</span> <span class='ocrx_word' id='word_1_106' title='bbox 1135 2371 1285 2468; x_wconf 86' lang='lat' dir='ltr'>quisque</span> <span class='ocrx_word' id='word_1_107' title='bbox 1307 2395 1432 2443; x_wconf 87' lang='lat' dir='ltr'>eorum</span> 
     </span>
     <span class='ocr_line' id='line_1_17' title="bbox 329 2493 1435 2590; baseline 0.002 -24"><span class='ocrx_word' id='word_1_108' title='bbox 329 2493 613 2590; x_wconf 83' lang='lat' dir='ltr'>generedicendi</span> <span class='ocrx_word' id='word_1_109' title='bbox 633 2493 677 2564; x_wconf 89' lang='lat' dir='ltr'>sit</span> <span class='ocrx_word' id='word_1_110' title='bbox 692 2517 787 2564; x_wconf 90' lang='lat' dir='ltr'>usus.</span> <span class='ocrx_word' id='word_1_111' title='bbox 815 2496 867 2565; x_wconf 89' lang='lat' dir='ltr'>De</span> <span class='ocrx_word' id='word_1_112' title='bbox 889 2496 993 2565; x_wconf 90' lang='lat' dir='ltr'>novis</span> <span class='ocrx_word' id='word_1_113' title='bbox 1017 2511 1133 2567; x_wconf 88' lang='lat' dir='ltr'>autem</span> <span class='ocrx_word' id='word_1_114' title='bbox 1152 2495 1354 2566; x_wconf 87' lang='lat' dir='ltr'>oratoribus</span> <span class='ocrx_word' id='word_1_115' title='bbox 1369 2497 1435 2568; x_wconf 85' lang='lat' dir='ltr'>Se-</span> 
     </span>
     <span class='ocr_line' id='line_1_18' title="bbox 327 2617 1434 2716; baseline 0.002 -26"><span class='ocrx_word' id='word_1_116' title='bbox 327 2643 416 2692; x_wconf 87' lang='lat' dir='ltr'>neca</span> <span class='ocrx_word' id='word_1_117' title='bbox 434 2634 538 2716; x_wconf 85' lang='lat' dir='ltr'>pater</span> <span class='ocrx_word' id='word_1_118' title='bbox 550 2635 587 2688; x_wconf 91' lang='lat' dir='ltr'>et</span> <span class='ocrx_word' id='word_1_119' title='bbox 598 2618 835 2710; x_wconf 88' lang='lat' dir='ltr'>Quintilianus</span> <span class='ocrx_word' id='word_1_120' title='bbox 846 2617 926 2690; x_wconf 82' lang='lat' dir='ltr'>i&#39;ons</span> <span class='ocrx_word' id='word_1_121' title='bbox 940 2636 994 2690; x_wconf 86' lang='lat' dir='ltr'>est</span> <span class='ocrx_word' id='word_1_122' title='bbox 1009 2619 1222 2692; x_wconf 89' lang='lat' dir='ltr'>uberrimus.</span> <span class='ocrx_word' id='word_1_123' title='bbox 1238 2621 1434 2692; x_wconf 85' lang='lat' dir='ltr'>Oratorum</span> 
     </span>
     <span class='ocr_line' id='line_1_19' title="bbox 326 2740 1431 2842; baseline 0.002 -28"><span class='ocrx_word' id='word_1_124' title='bbox 326 2743 647 2842; x_wconf 85' lang='lat' dir='ltr'>antiquissimorum</span> <span class='ocrx_word' id='word_1_125' title='bbox 660 2742 830 2840; x_wconf 91' lang='lat' dir='ltr'>pleraque</span> <span class='ocrx_word' id='word_1_126' title='bbox 844 2742 1040 2838; x_wconf 86' lang='lat' dir='ltr'>fragmenta</span> <span class='ocrx_word' id='word_1_127' title='bbox 1054 2769 1073 2814; x_wconf 88' lang='lat' dir='ltr'>a</span> <span class='ocrx_word' id='word_1_128' title='bbox 1090 2740 1221 2831; x_wconf 88' lang='lat' dir='ltr'>Gellio,</span> <span class='ocrx_word' id='word_1_129' title='bbox 1234 2745 1431 2830; x_wconf 84' lang='lat' dir='ltr'>Macrobio,</span> 
     </span>
     <span class='ocr_line' id='line_1_20' title="bbox 284 2846 1430 2964; baseline 0.002 -28"><span class='ocrx_word' id='word_1_130' title='bbox 284 2846 301 2910; x_wconf 63' lang='lat'>¹,</span> <span class='ocrx_word' id='word_1_131' title='bbox 326 2867 521 2954; x_wconf 84' lang='lat' dir='ltr'>Frontone,</span> <span class='ocrx_word' id='word_1_132' title='bbox 536 2868 649 2938; x_wconf 22' lang='lat' dir='ltr'>,Festo</span> <span class='ocrx_word' id='word_1_133' title='bbox 666 2881 775 2964; x_wconf 88' lang='lat' dir='ltr'>atque</span> <span class='ocrx_word' id='word_1_134' title='bbox 796 2867 911 2938; x_wconf 86' lang='lat' dir='ltr'>Nonio</span> <span class='ocrx_word' id='word_1_135' title='bbox 930 2881 967 2936; x_wconf 88' lang='lat' dir='ltr'>et</span> <span class='ocrx_word' id='word_1_136' title='bbox 981 2867 1163 2938; x_wconf 90' lang='lat' dir='ltr'>Prisciano</span> <span class='ocrx_word' id='word_1_137' title='bbox 1179 2883 1319 2938; x_wconf 83' lang='lat' dir='ltr'>serrata</span> <span class='ocrx_word' id='word_1_138' title='bbox 1333 2885 1430 2956; x_wconf 85' lang='lat' dir='ltr'>sunt,</span> 
     </span>
     <span class='ocr_line' id='line_1_21' title="bbox 324 2990 1431 3090; baseline -0.001 -27"><span class='ocrx_word' id='word_1_139' title='bbox 324 3008 360 3063; x_wconf 91' lang='lat' dir='ltr'>et</span> <span class='ocrx_word' id='word_1_140' title='bbox 377 2992 534 3090; x_wconf 87' lang='lat' dir='ltr'>quamvis</span> <span class='ocrx_word' id='word_1_141' title='bbox 553 2991 641 3064; x_wconf 83' lang='lat' dir='ltr'>alias</span> <span class='ocrx_word' id='word_1_142' title='bbox 653 2991 894 3086; x_wconf 77' lang='lat' dir='ltr'>grammatici,</span> <span class='ocrx_word' id='word_1_143' title='bbox 914 3005 953 3061; x_wconf 93' lang='lat' dir='ltr'>ut</span> <span class='ocrx_word' id='word_1_144' title='bbox 975 2990 1112 3060; x_wconf 87' lang='lat' dir='ltr'>Nonius</span> <span class='ocrx_word' id='word_1_145' title='bbox 1128 3013 1169 3061; x_wconf 89' lang='lat' dir='ltr'>ac</span> <span class='ocrx_word' id='word_1_146' title='bbox 1188 2993 1329 3078; x_wconf 88' lang='lat' dir='ltr'>Festus,</span> <span class='ocrx_word' id='word_1_147' title='bbox 1358 3018 1431 3064; x_wconf 95' lang='lat' dir='ltr'>non</span> 
     </span>
     <span class='ocr_line' id='line_1_22' title="bbox 325 3111 1432 3203; baseline 0.002 -17"><span class='ocrx_word' id='word_1_148' title='bbox 325 3113 473 3186; x_wconf 86' lang='lat' dir='ltr'>multam</span> <span class='ocrx_word' id='word_1_149' title='bbox 487 3113 628 3184; x_wconf 91' lang='lat' dir='ltr'>laudem</span> <span class='ocrx_word' id='word_1_150' title='bbox 643 3114 811 3195; x_wconf 79' lang='lat' dir='ltr'>doctrinae</span> <span class='ocrx_word' id='word_1_151' title='bbox 827 3128 864 3182; x_wconf 90' lang='lat' dir='ltr'>et</span> <span class='ocrx_word' id='word_1_152' title='bbox 879 3111 1090 3184; x_wconf 88' lang='lat' dir='ltr'>eruditionis</span> <span class='ocrx_word' id='word_1_153' title='bbox 1106 3117 1221 3186; x_wconf 90' lang='lat' dir='ltr'>meriti</span> <span class='ocrx_word' id='word_1_154' title='bbox 1237 3117 1321 3203; x_wconf 91' lang='lat' dir='ltr'>sint,</span> <span class='ocrx_word' id='word_1_155' title='bbox 1337 3119 1373 3188; x_wconf 92' lang='lat' dir='ltr'>in</span> <span class='ocrx_word' id='word_1_156' title='bbox 1390 3141 1432 3188; x_wconf 90' lang='lat' dir='ltr'>eo</span> 
     </span>
     <span class='ocr_line' id='line_1_23' title="bbox 324 3239 1430 3338; baseline 0.004 -28"><span class='ocrx_word' id='word_1_157' title='bbox 324 3257 442 3312; x_wconf 86' lang='lat' dir='ltr'>tamen</span> <span class='ocrx_word' id='word_1_158' title='bbox 466 3264 646 3338; x_wconf 89' lang='lat' dir='ltr'>nunquam</span> <span class='ocrx_word' id='word_1_159' title='bbox 670 3264 743 3312; x_wconf 92' lang='lat' dir='ltr'>non</span> <span class='ocrx_word' id='word_1_160' title='bbox 775 3264 837 3310; x_wconf 91' lang='lat' dir='ltr'>eos</span> <span class='ocrx_word' id='word_1_161' title='bbox 866 3239 1080 3336; x_wconf 83' lang='lat' dir='ltr'>praedicabo,</span> <span class='ocrx_word' id='word_1_162' title='bbox 1101 3242 1197 3338; x_wconf 90' lang='lat' dir='ltr'>quod</span> <span class='ocrx_word' id='word_1_163' title='bbox 1226 3246 1430 3316; x_wconf 90' lang='lat' dir='ltr'>memoriam</span> 
     </span>
     <span class='ocr_line' id='line_1_24' title="bbox 326 3361 1432 3461; baseline 0.006 -29"><span class='ocrx_word' id='word_1_164' title='bbox 326 3361 522 3434; x_wconf 90' lang='lat' dir='ltr'>multorum</span> <span class='ocrx_word' id='word_1_165' title='bbox 548 3363 763 3459; x_wconf 86' lang='lat' dir='ltr'>scriptorum</span> <span class='ocrx_word' id='word_1_166' title='bbox 787 3381 1065 3450; x_wconf 87' lang='lat' dir='ltr'>conservarunt,</span> <span class='ocrx_word' id='word_1_167' title='bbox 1093 3366 1263 3461; x_wconf 88' lang='lat' dir='ltr'>quodque</span> <span class='ocrx_word' id='word_1_168' title='bbox 1284 3367 1360 3436; x_wconf 91' lang='lat' dir='ltr'>sine</span> <span class='ocrx_word' id='word_1_169' title='bbox 1380 3370 1432 3439; x_wconf 87' lang='lat' dir='ltr'>eis</span> 
     </span>
    </p>
   </div>
   <div class='ocr_carea' id='block_1_5' title="bbox 325 3489 1429 3585">
    <p class='ocr_par' dir='ltr' id='par_1_5' title="bbox 325 3489 1429 3585">
     <span class='ocr_line' id='line_1_25' title="bbox 325 3489 1429 3585; baseline 0.002 -25"><span class='ocrx_word' id='word_1_170' title='bbox 325 3491 517 3561; x_wconf 50' lang='lat' dir='ltr'>munimem¹</span> <span class='ocrx_word' id='word_1_171' title='bbox 528 3505 663 3585; x_wconf 86' lang='lat' dir='ltr'>partem</span> <span class='ocrx_word' id='word_1_172' title='bbox 680 3489 861 3561; x_wconf 88' lang='lat' dir='ltr'>literarum</span> <span class='ocrx_word' id='word_1_173' title='bbox 880 3491 1111 3562; x_wconf 90' lang='lat' dir='ltr'>oratoriarum</span> <span class='ocrx_word' id='word_1_174' title='bbox 1129 3507 1165 3562; x_wconf 87' lang='lat' dir='ltr'>et</span> <span class='ocrx_word' id='word_1_175' title='bbox 1184 3490 1429 3564; x_wconf 88' lang='lat' dir='ltr'>historicarum</span> 
     </span>
    </p>
   </div>
   <div class='ocr_carea' id='block_1_6' title="bbox 324 3615 1429 4214">
    <p class='ocr_par' dir='ltr' id='par_1_6' title="bbox 324 3615 1429 4214">
     <span class='ocr_line' id='line_1_26' title="bbox 325 3615 1429 3714; baseline 0 -26"><span class='ocrx_word' id='word_1_176' title='bbox 325 3616 422 3712; x_wconf 88' lang='lat' dir='ltr'>apud</span> <span class='ocrx_word' id='word_1_177' title='bbox 440 3617 619 3687; x_wconf 90' lang='lat' dir='ltr'>Romanos</span> <span class='ocrx_word' id='word_1_178' title='bbox 636 3615 737 3712; x_wconf 89' lang='lat' dir='ltr'>plane</span> <span class='ocrx_word' id='word_1_179' title='bbox 758 3619 1012 3714; x_wconf 83' lang='lat' dir='ltr'>ignoraremus.</span> <span class='ocrx_word' id='word_1_180' title='bbox 1030 3618 1103 3688; x_wconf 88' lang='lat' dir='ltr'>Nec</span> <span class='ocrx_word' id='word_1_181' title='bbox 1118 3617 1228 3689; x_wconf 88' lang='lat' dir='ltr'>credo</span> <span class='ocrx_word' id='word_1_182' title='bbox 1250 3616 1325 3688; x_wconf 86' lang='lat' dir='ltr'>fore</span> <span class='ocrx_word' id='word_1_183' title='bbox 1342 3617 1429 3688; x_wconf 92' lang='lat' dir='ltr'>mul-</span> 
     </span>
     <span class='ocr_line' id='line_1_27' title="bbox 326 3742 1425 3839; baseline 0.004 -27"><span class='ocrx_word' id='word_1_184' title='bbox 326 3758 381 3814; x_wconf 88' lang='lat' dir='ltr'>tos</span> <span class='ocrx_word' id='word_1_185' title='bbox 394 3743 455 3839; x_wconf 93' lang='lat' dir='ltr'>qui</span> <span class='ocrx_word' id='word_1_186' title='bbox 466 3742 647 3828; x_wconf 89' lang='lat' dir='ltr'>mirentur,</span> <span class='ocrx_word' id='word_1_187' title='bbox 665 3768 730 3816; x_wconf 90' lang='lat' dir='ltr'>cur</span> <span class='ocrx_word' id='word_1_188' title='bbox 743 3742 962 3814; x_wconf 90' lang='lat' dir='ltr'>orationibus</span> <span class='ocrx_word' id='word_1_189' title='bbox 975 3743 1022 3813; x_wconf 93' lang='lat' dir='ltr'>ab</span> <span class='ocrx_word' id='word_1_190' title='bbox 1034 3744 1243 3815; x_wconf 88' lang='lat' dir='ltr'>auctoribus</span> <span class='ocrx_word' id='word_1_191' title='bbox 1254 3745 1425 3830; x_wconf 80' lang='lat' dir='ltr'>historiae,</span> 
     </span>
     <span class='ocr_line' id='line_1_28' title="bbox 326 3863 1428 3962; baseline -0.002 -25"><span class='ocrx_word' id='word_1_192' title='bbox 326 3863 504 3953; x_wconf 85' lang='lat' dir='ltr'>Sallusti0,</span> <span class='ocrx_word' id='word_1_193' title='bbox 519 3867 628 3954; x_wconf 84' lang='lat' dir='ltr'>Livio,</span> <span class='ocrx_word' id='word_1_194' title='bbox 653 3866 789 3952; x_wconf 88' lang='lat' dir='ltr'>Tacito,</span> <span class='ocrx_word' id='word_1_195' title='bbox 810 3867 994 3961; x_wconf 91' lang='lat' dir='ltr'>Dionysio,</span> <span class='ocrx_word' id='word_1_196' title='bbox 1014 3865 1181 3960; x_wconf 85' lang='lat' dir='ltr'>Polybio,</span> <span class='ocrx_word' id='word_1_197' title='bbox 1208 3868 1338 3953; x_wconf 90' lang='lat' dir='ltr'>Dione,</span> <span class='ocrx_word' id='word_1_198' title='bbox 1357 3868 1428 3962; x_wconf 89' lang='lat' dir='ltr'>Ap-</span> 
     </span>
     <span class='ocr_line' id='line_1_29' title="bbox 324 3989 1427 4089; baseline 0.002 -29"><span class='ocrx_word' id='word_1_199' title='bbox 324 3991 429 4086; x_wconf 89' lang='lat' dir='ltr'>piano</span> <span class='ocrx_word' id='word_1_200' title='bbox 444 3989 676 4086; x_wconf 87' lang='lat' dir='ltr'>illustrissimo</span> <span class='ocrx_word' id='word_1_201' title='bbox 702 3993 827 4089; x_wconf 91' lang='lat' dir='ltr'>cuique</span> <span class='ocrx_word' id='word_1_202' title='bbox 856 3993 988 4062; x_wconf 90' lang='lat' dir='ltr'>oratori</span> <span class='ocrx_word' id='word_1_203' title='bbox 1016 3993 1150 4064; x_wconf 88' lang='lat' dir='ltr'>traditis</span> <span class='ocrx_word' id='word_1_204' title='bbox 1176 3992 1306 4064; x_wconf 92' lang='lat' dir='ltr'>nullam</span> <span class='ocrx_word' id='word_1_205' title='bbox 1330 4017 1427 4089; x_wconf 78' lang='lat' dir='ltr'>paene</span> 
     </span>
     <span class='ocr_line' id='line_1_30' title="bbox 324 4113 1426 4214; baseline 0.001 -29"><span class='ocrx_word' id='word_1_206' title='bbox 324 4116 567 4188; x_wconf 83' lang='lat' dir='ltr'>auctoritatem</span> <span class='ocrx_word' id='word_1_207' title='bbox 590 4113 782 4190; x_wconf 90' lang='lat' dir='ltr'>tribuerim.</span> <span class='ocrx_word' id='word_1_208' title='bbox 807 4119 955 4188; x_wconf 87' lang='lat' dir='ltr'>Veteres</span> <span class='ocrx_word' id='word_1_209' title='bbox 979 4117 1070 4188; x_wconf 87' lang='lat' dir='ltr'>enim</span> <span class='ocrx_word' id='word_1_210' title='bbox 1096 4143 1201 4214; x_wconf 90' lang='lat' dir='ltr'>quam</span> <span class='ocrx_word' id='word_1_211' title='bbox 1223 4133 1426 4190; x_wconf 89' lang='lat' dir='ltr'>nostrorum</span> 
     </span>
    </p>
   </div>
   <div class='ocr_carea' id='block_1_7' title="bbox 0 0 1648 5344">
    <p class='ocr_par' dir='ltr' id='par_1_7' title="bbox 0 0 1648 5344">
     <span class='ocr_line' id='line_1_31' title="bbox 0 0 1648 5344; baseline 0 3"><span class='ocrx_word' id='word_1_212' title='bbox 0 0 1648 5344; x_wconf 95' lang='lat' dir='ltr'> </span> 
     </span>
    </p>
   </div>
  </div>
 </body>
</html>
