3218 5320
872 403 943 474 300

352 543 458 625 priore
473 543 577 606 habita
596 545 722 626 proelio,
746 542 845 606 alteru
867 543 1056 625 posteriore,
1082 561 1140 624 quo
1155 543 1280 605 Asinius
1294 545 1393 607 Pollio
1414 567 1451 607 ue

354 637 473 724 tempus
492 639 613 722 quidem
631 641 840 704 euticionendi
858 639 1001 703 habuisse
1018 659 1088 703 eum
1106 641 1183 703 dicit
1201 639 1302 702 subita
1320 641 1451 704 hostium

353 761 542 806 incussione.

385 875 518 929 Strabonis
525 875 687 943 CoesartsJC·
694 873 750 928 Jul.
758 875 846 929 Caesuu
853 874 956 938 Strabo,
965 877 997 930 de
1004 896 1057 948 quo
1065 879 1252 951 supradictum
1260 891 1309 942 est,
1320 899 1347 951 p.
1360 883 1449 951 tou'sq.

420 963 484 1016 Levi
497 979 586 1015 emove
599 961 651 1034 ipsi
663 961 738 1014 Julio
752 962 880 1015 Dictum-i
893 963 959 1016 Divo
971 963 1117 1017 vindicavit
1128 965 1197 1017 hano
1209 966 1355 1018 orationem
1370 983 1451 1039 nuper

420 1050 550 1102 Knausins
558 1051 587 1102 in
596 1049 666 1102 libro
675 1051 714 1102 De
724 1049 844 1103 lontibus
853 1051 975 1104 Suetonii
984 1069 1012 1122 p.
1024 1054 1050 1105 9.

255 1142 321 1214 183
384 1161 410 1211 t'n
418 1159 621 1227 Damnationem]
635 1179 713 1231 quam
726 1160 821 1214 habuit
833 1175 894 1215 ante
906 1163 990 1234 ipsum
1003 1163 1032 1215 in
1046 1161 1212 1216 Dolabellam
1221 1166 1361 1218 actionem.
1377 1168 1451 1219 llunc

417 1259 508 1300 autem
525 1247 651 1316 pluribus
669 1247 834 1300 unctionibus
848 1267 863 1300 n
875 1249 977 1302 Cesum
994 1248 1108 1319 petitum
1125 1267 1199 1313 esee,
1214 1248 1311 1304 docent
1323 1253 1452 1304 Asoonins

416 1345 442 1384 et
456 1331 575 1388 Gellius.
590 1331 660 1385 Mnle
674 1331 744 1384 inter
756 1331 902 1403 fragmenta
915 1333 1026 1386 Cessatis
1039 1332 1107 1386 liber
1118 1331 1177 1405 ejus
1187 1335 1228 1394 Dc
1237 1335 1403 1388 Divinatione
1412 1357 1451 1389 ne·

416 1419 510 1470 femus.
522 1418 840 1492 Baumgurten-Crustitt.

381 1545 459 1598 quam
471 1525 576 1599 scripsit
588 1527 707 1594 Metello]
725 1527 744 1578 i.
760 1547 786 1584 e.
801 1545 880 1596 quam
892 1529 921 1580 in
932 1525 1035 1604 judicio
1048 1513 1317 1604 hubendsmllietello
1334 1533 1452 1603 sci-ipsiu

418 1611 463 1664 sed
476 1611 563 1662 Caesav
576 1609 673 1682 ipsein
688 1629 718 1662 en
733 1630 781 1682 pro
791 1609 900 1663 Metello
914 1609 1044 1682 loquitur.

709 1795 758 1858 14.
783 1815 888 1860 concio
903 1818 945 1859 nu
962 1817 1093 1860 ninives.

396 1983 481 2046 Suet.
494 1981 571 2047 ees.
585 2003 614 2046 c.
628 1987 687 2048 ὅθι
704 1985 891 2048 Convocatis
905 1985 944 2047 ed
959 1981 1136 2048 contionem
1152 1983 1313 2054 militibus,
1327 1985 1453 2057 Scitote,

349 2079 461 2160 inquit,
476 2083 671 2160 paucissimis
687 2079 858 2142 hisdiebus
876 2098 981 2162 regem
991 2078 1123 2166 (iubam)
1132 2082 1303 2163 effictorem
1320 2103 1390 2142 cum
1406 2085 1455 2142 de·

348 2200 415 2238 cem
426 2181 607 2259 legionibus,
619 2184 753 2265 equitum
767 2185 900 2260 triginta,
912 2181 984 2260 levis
994 2197 1164 2243 armaturae
1178 2195 1300 2241 centum
1313 2179 1454 2255 millibus,

348 2277 512 2357 elephantis
529 2283 684 2339 trecentis.
705 2277 840 2338 Perinde
854 2279 995 2338 desinant
1006 2281 1133 2364 quidam
1146 2301 1287 2365 quaerere
1306 2281 1386 2339 ultra
1406 2297 1456 2340 out

348 2379 481 2451 opinari,
507 2374 652 2458 milvique,
667 2380 721 2458 qui
740 2392 929 2453 compertum
951 2375 1067 2451 itube0,
1091 2379 1235 2451 credant,
1259 2393 1311 2436 aut
1333 2379 1454 2462 quidem

348 2475 553 2530 uetustissima
568 2491 642 2530 nave
655 2475 813 2550 impositos
827 2493 1016 2558 quocumque
1031 2487 1120 2533 vento
1135 2477 1167 2532 in
1180 2495 1387 2559 quoscumque
1400 2489 1456 2534 ter-

350 2591 401 2629 ras
410 2565 527 2652 jubebo
541 2570 636 2633 evelti.
1306 2575 1307 2580 ’

393 2665 533 2729 Diomed.
549 2669 577 2742 1,
591 2687 622 2750 p.
638 2641 717 2732 3i5:
735 2669 866 2730 Frustro
882 2667 926 2731 ait
941 2669 978 2732 C.
993 2666 1097 2734 Cusas
1110 2671 1191 2748 apud
1203 2671 1315 2732 milites
1325 2663 1456 2734 decom-

350 2767 448 2829 modis
460 2787 585 2831 eorum:
599 2769 664 2830 Non
670 2767 834 2850 fmstrabo
849 2789 919 2843 nos,
933 2769 1061 2830 milites.

384 2905 458 2974 apud
467 2905 572 2972 mt'lites]
589 2904 742 2958 Ellendtius
759 2906 786 2958 id
800 2907 976 2978 fragmentum
994 2925 1026 2960 ex
1043 2905 1105 2958 fieta
1117 2906 1227 2958 Cesaiis
1249 2905 1368 2958 oratione
1387 2905 1458 2975 apud

420 2987 513 3040 militet
526 3000 659 3060 sumptum
673 2999 759 3058 putat.

393 3296 481 3358 Suet.
490 3294 568 3356 Caes.
579 3315 609 3356 e.
622 3298 658 3358 6:
670 3297 811 3377 Quaestor
819 3298 934 3358 tultam
945 3277 1073 3358 amitam
1086 3317 1274 3382 uxorumque
1285 3295 1456 3355 Comelicm

352 3395 513 3459 defunctas
526 3396 659 3460 laudavit
675 3395 733 3480 (15
750 3411 782 3460 et
795 3397 849 3480 16)
867 3420 885 3462 e
903 3419 990 3462 more
1004 3418 1061 3482 pro
1076 3394 1199 3460 rostris.
1223 3397 1283 3460 sed
1304 3397 1339 3458 in
1359 3391 1458 3458 amitae

351 3494 474 3574 quidem
488 3493 682 3556 Laudatioue
697 3496 736 3556 de
748 3495 814 3578 ejus
829 3483 867 3558 tic
881 3496 981 3578 petris
1002 3495 1049 3558 sui
1069 3508 1199 3576 utraque
1214 3492 1337 3574 origine
1351 3489 1397 3556 sic
1412 3511 1458 3552 re·

326 3657 328 3662 ,
351 3596 430 3656 seut:
448 3595 569 3661 Amittit
586 3613 666 3655 mese
681 3595 777 3656 ιῙιιῐίιι»
793 3610 970 3666 maternum
980 3617 1076 3676 genus
1089 3596 1130 3656 ab
1144 3594 1269 3674 regibus
1284 3609 1397 3662 ortum,
1404 3614 1458 3672 pu-

325 3727 327 3733 *
351 3709 469 3772 tetjnum
490 3715 559 3752 cum
581 3694 640 3754 diis
661 3695 888 3761 t'mmottuiihtts
909 3695 1105 3783 conjunctum
1127 3709 1184 3756 est.
1212 3695 1291 3756 Nam
1310 3693 1351 3752 ab
1371 3695 1458 3751 Anco

353 3793 476 3850 Marcio
486 3808 554 3855 suut
562 3793 679 3853 Marcii
688 3795 804 3874 Reges,
814 3815 872 3878 quo
882 3796 1077 3880 uominefitit
1088 3809 1197 3870 muter,
1207 3816 1228 3852 u
1239 3793 1364 3852 Venere
1373 3791 1457 3860 Julit',

353 3883 439 3970 cujus
456 3893 553 3970 gentis
560 3890 692 3970 familia
705 3906 751 3952 est
766 3907 881 3952 nostra.
906 3890 966 3952 Est
987 3881 1061 3974 ergo
1081 3897 1113 3952 in
1131 3911 1246 3974 genere
1265 3905 1295 3952 et
1314 3894 1458 3950 satvctitus

354 4005 471 4062 regum,
480 3989 532 4068 qui
537 3986 704 4064 plurimum
714 3985 945 4048 interhomines
952 3989 1079 4068 pollent,
1092 4003 1121 4049 et
1133 3991 1309 4051 cerimonia
1320 3988 1456 4054 deorum,

352 4103 480 4166 (litorum
497 4086 557 4159 ipsi
571 4087 602 4140 in
613 4099 763 4162 potestate
778 4101 845 4146 sunt
860 4104 960 4164 reget.

391 4228 520 4293 Quoesior]
534 4225 631 4278 Vellei.
647 4225 681 4286 ll,
699 4226 742 4287 ⁴3,
758 4227 773 4276 4
787 4247 792 4276 ι
810 4229 936 4280 Pratum
949 4232 1134 4297 questumque
1147 4222 1259 4278 mirabili
1268 4214 1365 4276 ut'riuic
1379 4227 1456 4293 eique
