3200 5344
676 442 747 516 249

160 595 248 656 terte,
261 601 381 644 summ
395 601 457 644 nun
473 580 544 643 uitae
556 579 655 644 t'ulum
668 593 762 662 atque
776 593 908 658 nattum,
927 584 981 646 set
1000 578 1153 646 orationis
1170 578 1265 644 etiam

162 685 303 756 comitas,
316 683 499 764 incorrupta
510 682 650 762 quedam
660 680 751 744 latini
760 682 913 748 sermonis
925 682 1107 762 integritate
1119 700 1186 764 quae
1196 701 1266 766 per·

162 784 243 866 spici
260 803 330 845 cum
345 801 385 842 ex
398 779 586 840 orationibus
600 777 667 862 ejus
687 791 790 862 potest
807 795 873 844 tum
891 781 1038 846 facillime
1057 801 1097 844 ex
1115 801 1154 844 eu
1169 779 1264 856 fibro,

163 901 257 962 quem
271 881 310 942 de
323 878 487 942 consulatu
501 879 586 940 etde
600 877 694 940 rebus
712 879 805 958 gestis
818 880 882 942 suis
897 880 1108 964 conscriptum
1128 880 1215 942 mulli
1235 894 1268 942 et

165 981 389 1062 Xenophonteo
402 998 520 1058 genere
533 979 685 1042 sermonis
698 980 782 1042 misit
794 981 885 1043 adn.
897 982 1027 1044 Furium
1037 991 1173 1064 poetam,
1182 979 1269 1044 tami·

163 1080 274 1144 liutem
286 1100 390 1144 suum:
408 1079 461 1162 qui
471 1079 553 1144 liber
565 1076 664 1142 nihilo
675 1080 781 1144 noum
793 1093 843 1144 est
855 1097 948 1162 quam
960 1079 1009 1144 illi
1023 1094 1099 1154 tres,
1109 1081 1149 1142 tle
1159 1079 1270 1162 quibus

163 1195 238 1246 aute
250 1182 325 1257 dixi,
337 1181 450 1248 Scauri
461 1167 549 1244 libri.

205 1277 474 1342 Commemoratur
483 1277 532 1340 De
543 1289 624 1340 orat.
639 1277 681 1353 ll,
696 1275 747 1351 ll,
760 1277 820 1338 ll:
834 1277 899 1359 «Q.
907 1276 1011 1341 Catuli
1020 1278 1153 1338 laudatio
1164 1280 1271 1336 mutus

160 1377 322 1458 Popillia,
345 1376 396 1440 cui
416 1378 550 1462 primum
571 1375 695 1442 mulieri
709 1378 793 1440 hunc
807 1378 958 1440 honorem
971 1378 1005 1439 iu
1020 1389 1130 1441 nostra
1143 1377 1270 1440 civitate

162 1473 315 1538 tributum
326 1495 394 1538 csse
405 1489 491 1558 puto.
505 1503 519 1532 s

277 1693 389 1764 XLll.
418 1693 465 1785 Q.
481 1691 653 1766 Metellus
669 1692 911 1781 Numidicus,
926 1695 969 1766 L.
985 1693 1091 1768 Calvi
1105 1695 1145 1766 ll.

522 1816 695 1932 [Ellendt.
719 1845 753 1916 p.
776 1818 917 1915 tute]

206 2013 504 2096 Continuata.

206 2131 275 2194 Cic.
288 2131 378 2193 Bmt.
392 2149 422 2192 c.
436 2129 488 2206 35,
507 2129 583 2192 135:
606 2131 648 2213 Q.
661 2128 802 2195 Metellus
814 2129 993 2194 Numidicus
1012 2142 1044 2194 ct
1063 2129 1131 2214 ejus
1150 2129 1270 2212 collega
1300 2149 1367 2226 136

161 2227 205 2288 Μ.
218 2225 343 2290 Silanus
357 2226 506 2288 dicebant
519 2225 558 2287 de
572 2245 608 2287 re
621 2221 760 2310 publica,
772 2227 858 2307 quod
868 2238 947 2289 esset
959 2225 1021 2290 illis
1031 2225 1110 2291 uiris
1120 2239 1152 2290 et
1162 2247 1270 2294 cousu-

35 2377 41 2382 ,
162 2324 223 2387 lari
235 2325 382 2406 dignitati
392 2326 481 2386 satis.

370 2572 536 2616 accusttto
551 2571 706 2616 ADVERSUS
718 2571 875 2616 vtuntuu
889 2572 1056 2618 immillo

203 2755 324 2818 Gellius
334 2759 404 2832 XV,
421 2757 478 2818 14:
494 2760 585 2840 Apud
594 2761 638 2840 Q.
650 2759 809 2820 Metellum
820 2761 1016 2824 Numidicum
1029 2762 1064 2824 in
1077 2763 1160 2824 libro
1169 2767 1269 2830 Accu·

159 2851 290 2918 sationis
304 2858 338 2918 in
347 2855 505 2920 Valerium
519 2857 679 2918 Messalam
695 2857 807 2920 tertio:
824 2857 902 2918 Cum
915 2881 983 2920 sese
999 2863 1090 2920 sciret
1105 2866 1135 2921 z'n
1152 2875 1268 2924 tantum

160 2957 281 3016 crimen
292 2961 426 3028 venisse,
439 2972 526 3042 atque
541 2961 643 3018 socios
657 2959 699 3016 ad
713 2974 850 3021 senatum
861 2957 1120 3044 questumflentcs
1133 2967 1268 3040 venisse,

159 3101 230 3146 sese
237 3083 386 3160 pecunias
397 3082 555 3141 maximas
564 3091 693 3139 exactos
702 3097 781 3138 esse.

193 3251 251 3285 sete
259 3259 291 3271 -
299 3233 411 3296 cnaeus]
422 3227 441 3280 i.
450 3247 474 3281 e.
482 3228 635 3299 pecuniata
646 3247 673 3281 se
683 3229 807 3292 maximas
815 3241 929 3282 exactas.
940 3231 975 3282 v.
982 3229 1057 3286 Gell.
1067 3229 1087 3286 l.
1094 3253 1121 3287 c.
1130 3233 1267 3289 Valerium

230 3312 371 3366 Messalam
383 3311 589 3383 repetundarum
601 3329 675 3364 reum
688 3310 785 3368 factum
807 3323 872 3382 putu
884 3331 946 3366 cum
954 3313 1100 3372 Ellendtio.
1116 3318 1154 3373 M.
1163 3321 1265 3376 Valerii

232 3398 362 3463 Messalae,
376 3399 515 3469 questoris
529 3417 554 3450 a.
565 3401 598 3452 U.
610 3398 672 3464 645,
686 3398 808 3452 meminit
820 3399 958 3472 Appianut
967 3401 1093 3456 Ciuilium
1103 3404 1173 3462 libro
1181 3407 1266 3479 primo

231 3499 257 3534 c.
270 3483 313 3547 4⁰,
331 3483 501 3552 numiuatque
515 3499 575 3534 eum
590 3481 659 3534 inter
672 3481 783 3554 legatos,
797 3481 845 3551 qui
856 3481 930 3538 bello
943 3485 1057 3540 Marsico
1072 3501 1165 3546 contre
1181 3491 1266 3544 socios

230 3568 392 3624 exercitibus
405 3568 534 3640 praefuere
548 3588 572 3622 a.
585 3569 617 3620 U.
630 3569 692 3620 663.

298 3768 409 3812 untrto
426 3771 468 3811 ΑΒ
483 3768 622 3810 toruum
637 3767 754 3826 conten
769 3769 798 3808 C·
813 3769 971 3812 tttttttttt!
985 3771 1067 3812 tutu.
1080 3772 1127 3813 Pl..

204 3933 322 3999 Cellius
333 3938 387 4012 Vl,
402 3936 437 3997 11
452 3961 460 3996 ε
474 3935 580 3998 Verba
594 3935 745 3997 haec'sunt
757 3936 797 4017 Q.
812 3935 929 3997 Metelli
946 3937 1102 4000 Numidici
1120 3942 1266 4006 adversus

158 4032 219 4096 Cu.
231 4033 380 4096 Manlium
394 4033 556 4096 tribunum
570 4031 685 4116 plebei,
705 4053 722 4094 a
738 4051 797 4114 quo
811 4033 892 4117 apud
904 4033 1051 4118 populum
1067 4037 1101 4100 in
1118 4037 1264 4104 contione

157 4129 318 4192 lacessitus
335 4130 529 4214 jactatusque
544 4131 645 4192 iuerat
659 4127 751 4192 dictis
764 4129 998 4215 petulantibus:
1021 4131 1109 4194 Nunc
1127 4139 1207 4220 quod
1226 4141 1268 4198 ad

159 4227 247 4288 illum
261 4236 375 4314 attinet,
390 4232 537 4312 Quirites,
556 4235 701 4318 quoniam
723 4251 755 4306 te
772 4219 961 4311 ampliorem
978 4248 1065 4312 putat
1083 4255 1163 4306 esse,
1186 4242 1215 4296 si
1233 4257 1266 4296 sc

1079 4349 1112 4399 32
