3288 5344
728 439 773 484 XV

201 567 398 648 temporum
415 549 571 621 historici
593 550 700 644 longe
723 551 815 622 aliud
838 523 1041 647 spectanles
1054 551 1162 625 fidem
1184 551 1298 626 bisto-

196 675 308 746 rioam
330 673 376 743 ab
397 673 614 746 orationibus
639 673 763 746 abesse
787 698 890 770 posse
912 673 1074 746 arbitrati
1098 692 1199 759 sunt,
1221 698 1300 751 cum

196 827 247 875 eae
259 806 401 875 nonnisi
413 805 457 876 ad
467 781 766 902 praeceptadanda
780 821 840 876 aut
855 805 898 876 ad
913 821 1023 878 artem
1042 807 1297 880 ostendendam

194 929 420 1000 inservirent.
443 927 633 1000 Plutarcho
653 953 737 1000 vero
759 926 866 1026 paulo
890 931 1056 1026 majorem
1080 932 1114 1001 in
1137 934 1301 1004 orationi·

195 1047 262 1120 bus
283 1049 328 1120 ab
351 1073 394 1120 eo
416 1047 536 1120 relatis
562 1049 668 1122 fidem
693 1049 906 1121 tribuamus.
930 1052 1048 1148 Atque
1074 1075 1201 1146 magna
1217 1075 1296 1124 eum

193 1170 378 1268 voluptate
397 1192 488 1268 opus
509 1171 681 1257 inchoavi,
704 1171 859 1268 undique
873 1195 918 1242 ex
942 1171 1106 1244 omnibus
1124 1173 1300 1269 scriptori-

193 1297 262 1368 bus
276 1299 470 1394 fragmenta
485 1298 671 1396 colligens,
698 1323 779 1370 cum
805 1297 962 1395 quotidie
980 1321 1167 1370 numerum
1184 1298 1298 1371 multo

193 1431 314 1524 augeri
338 1429 507 1514 viderem,
534 1447 573 1501 et
594 1429 732 1527 judiciis
762 1429 805 1500 de
832 1428 1036 1500 oratoribus
1054 1429 1238 1502 Ciceronis
1261 1443 1298 1500 et

193 1553 401 1645 Quintiliani
421 1553 664 1650 comparandis
680 1577 761 1624 cum
778 1553 862 1649 ipsis
882 1575 1008 1623 eorum
1019 1550 1175 1649 reliquiis
1191 1550 1298 1624 velte·

184 1695 329 1751 menter
349 1705 425 1752 sum
449 1679 601 1753 laetatus.
626 1682 729 1750 Nunc
754 1703 842 1750 vero
870 1676 1034 1770 absoluto
1063 1693 1100 1749 et
1121 1677 1166 1748 ad
1189 1677 1296 1748 linem

190 1803 367 1900 perducto
394 1823 503 1902 opere
535 1803 699 1898 gaudium
733 1827 844 1899 prope
875 1801 997 1877 dolore
1031 1817 1294 1872 commutatum

191 1950 271 1997 eum
288 1928 382 1998 enim
397 1944 518 1999 mente
530 1930 661 2022 cogito,
681 1951 789 2023 quarn
807 1927 851 1996 sit
870 1923 1008 1996 difficile
1022 1925 1189 2021 reliquias
1206 1925 1297 1998 lace·

189 2074 247 2121 ras
276 2052 487 2146 scriptorum
515 2049 778 2148 quodammodo
808 2051 997 2121 restituere
1029 2047 1294 2146 fragmentaque

189 2173 381 2268 integrare,
399 2189 546 2272 etquam
561 2173 712 2245 multum
727 2171 818 2244 absit
835 2171 876 2243 ut
891 2169 972 2244 libri
988 2186 1143 2258 veteres,
1161 2171 1195 2242 in
1213 2174 1292 2270 qui·

189 2297 257 2368 bus
282 2297 478 2392 fragmenta
499 2315 678 2370 oratorum
702 2297 828 2384 latent,
852 2297 924 2367 sint
949 2295 1157 2392 incorrupti,
1185 2313 1292 2392 atque

188 2426 331 2496 omnino
365 2426 398 2496 in
428 2424 600 2522 ejusmodi
622 2423 875 2522 scriptionibus
900 2447 973 2496 non
1009 2423 1161 2520 amplius
1185 2425 1292 2520 quaeri

186 2569 308 2642 posse,
326 2546 409 2644 quid
421 2569 544 2618 verum
556 2547 616 2631 sit,
631 2547 693 2618 sed
710 2546 743 2617 id
755 2561 906 2634 tantum,
924 2543 1019 2642 quod
1034 2545 1080 2614 sit
1092 2543 1289 2642 probabile,

184 2673 299 2768 majus
324 2693 413 2768 opus
433 2687 470 2742 et
489 2673 597 2766 magis
618 2671 766 2742 arduum
787 2685 932 2767 apparet
948 2691 1042 2755 esse,
1068 2691 1172 2765 quarn
1195 2669 1291 2764 prin·

185 2797 276 2893 cipio
291 2796 366 2869 fore
385 2799 674 2880 existimaveram,
696 2811 733 2866 et
746 2795 851 2889 longe
875 2817 976 2865 secus
994 2809 1098 2891 atque
1111 2793 1145 2863 in
1164 2796 1290 2866 ceteris

184 2917 296 2990 rebus
311 2919 448 2988 initium
469 2919 585 3014 operis
595 2917 792 3012 jucundum
815 2915 1023 3012 laetumque,
1054 2915 1187 2986 exitum
1207 2941 1289 2987 vero

186 3041 431 3114 difficillimum
454 3068 530 3114 esse
551 3045 678 3115 sentio.
704 3041 793 3114 lllud
817 3043 908 3115 cnim
930 3042 1087 3113 odiosum
1102 3059 1171 3128 est,
1191 3043 1288 3140 quod

184 3166 221 3235 in
238 3165 297 3235 tali
313 3189 352 3236 re
365 3185 447 3237 raro
462 3167 498 3236 in
513 3172 618 3238 certis
636 3166 848 3262 argumentis
865 3166 1061 3270 innitimur,
1081 3189 1147 3236 nec
1161 3168 1288 3239 verita·

183 3305 281 3376 tem,
301 3290 366 3361 sed
390 3293 543 3387 speciem
559 3307 693 3363 tantum
717 3292 870 3364 veritatis
895 3289 1080 3388 explorare
1104 3287 1286 3389 multaque

182 3411 380 3508 fragmenta
397 3417 462 3486 nisi
487 3415 709 3487 divinationis
732 3415 933 3512 adjumento
955 3415 1053 3486 nullo
1084 3415 1190 3487 modo
1211 3415 1286 3486 illu-

183 3553 300 3610 strare
327 3531 529 3634 possumus.
554 3533 731 3634 Quam'sit
749 3556 866 3611 autem
888 3565 928 3611 ea
946 3563 1003 3612 res
1028 3538 1178 3624 lubrica,
1201 3565 1287 3637 prae·

183 3657 275 3730 clare
290 3683 407 3756 nuper
426 3661 470 3732 G.
496 3663 722 3732 Hermannus
738 3661 776 3731 in
795 3663 1046 3732 Dissertatione
1067 3660 1113 3762 de
1127 3659 1286 3757 AEschyli

181 3783 355 3880 Lyeurgia
370 3785 552 3856 ostendit:
575 3817 590 3849 α
610 3789 686 3855 Nec
703 3794 830 3856 temere
847 3783 1095 3866 hariolantium
1110 3796 1163 3854 est
1176 3785 1210 3854 t'n
1222 3811 1286 3856 an·
1309 3833 1316 3854 ,

182 3908 356 4003 tt'qmtate's
362 3907 678 4006 pervestigatione,
699 3933 811 4006 neque
828 3933 953 3978 carere
978 3906 1195 3980 diomaltbnt's
1216 3909 1282 3979 ad-

181 4033 336 4105 iumento
344 4058 543 4131 possuntne.
561 4033 682 4122 Quare
695 4031 904 4115 curandum,
921 4046 967 4120 uc,
988 4031 1152 4129 ubt'quid
1164 4036 1282 4127 conje-
