3218 5320
855 397 924 470 374

640 595 799 717 cxvn.
820 645 1019 716 Antoninus
1046 645 1143 714 nus,
1185 588 1189 596 ⁴

383 839 540 908 Successit
553 843 714 907 Hadriano
728 864 759 905 a.
771 847 814 910 U.
831 843 906 919 890,
927 861 959 923 p.
972 841 1049 906 Chr.
1069 842 1140 904 138.

384 936 580 1020 Capitolinus
598 939 758 1002 Antonino
773 939 829 1001 Pio
851 960 880 1002 c.
908 940 945 1000 11
967 938 1181 1001 tRhetorihus
1205 949 1238 998 et
1259 931 1452 1018 philosophis

342 1061 399 1124 per
422 1060 530 1102 omnes
547 1040 726 1122 provincIas
748 1053 779 1102 et
804 1041 939 1104 honores
962 1053 995 1104 et
1010 1041 1125 1102 salaria
1139 1039 1262 1100 detulit.
1284 1038 1451 1098 Orationes

338 1139 475 1223 plerique
488 1139 609 1198 alienas
621 1159 689 1198 esse
707 1142 871 1214 dr'rerum,
899 1161 969 1226 quae
985 1139 1041 1199 sub
1054 1133 1125 1218 epus
1146 1142 1272 1198 nomine
1280 1137 1450 1215 seruntur,

344 1238 464 1297 Marius
480 1237 650 1296 Maximus
660 1231 728 1318 ejus
739 1241 886 1318 proprias
887 1239 995 1320 sitisse
1008 1238 1096 1296 dicit.

249 1315 320 1388 256
386 1334 504 1396 Fronto
522 1333 620 1416 Epist.
639 1334 678 1394 ad
692 1334 734 1394 Μ.
752 1333 832 1396 Ces.
852 1337 891 1410 V,
906 1335 968 1398 38:
986 1337 1102 1402 Utrum
1112 1331 1187 1394 iacti
1201 1332 1304 1393 virtus
1317 1349 1452 1392 ornare·

345 1431 390 1492 rit
407 1431 593 1506 orationem,
620 1451 661 1508 an
681 1433 782 1494 oratio
803 1432 918 1496 Iactum
944 1430 1167 1496 nobihssimum
1190 1431 1454 1513 aequiparaverit,

345 1525 485 1588 incertus
495 1547 563 1590 sum
577 1549 586 1588 t
599 1539 687 1589 certe
701 1527 825 1608 quidem
836 1527 974 1610 ejusdem
982 1527 1077 1600 ditta,
1091 1525 1179 1609 cujus
1188 1526 1242 1588 illa
1255 1526 1349 1588 Iacto

382 1664 539 1746 oratrbnem]
553 1665 698 1718 orationem
710 1666 842 1718 Antonini
853 1667 905 1726 Pii,
917 1677 949 1718 ut
959 1685 992 1719 ex
1002 1665 1087 1738 Epist.
1100 1665 1253 1735 insequenti
1265 1676 1349 1736 patet,
1362 1665 1392 1716 i'n
1401 1681 1455 1733 qus

418 1748 456 1802 M.
469 1749 527 1822 ipse
540 1751 628 1803 Caesar
639 1750 705 1804 dicit
715 1773 721 1802 ι
730 1749 886 1804 'Orationem
895 1751 983 1822 patris
998 1749 1053 1803 mei
1064 1767 1157 1820 parm
1168 1753 1290 1802 materia*
1298 1767 1356 1802 Μ
1374 1747 1455 1801 vt'sam

418 1833 473 1900 titt,
488 1835 530 1888 nt'l
541 1836 633 1888 mrum
644 1844 695 1890 ert.

578 2038 741 2110 CXVIII.
769 2041 817 2110 Μ.
845 2037 1037 2113 Cornelius
1064 2041 1211 2110 Fronto.

390 2273 539 2352 Magister
565 2272 623 2333 suit
634 2271 734 2334 Marci
747 2269 868 2333 Aurelii
882 2283 916 2334 et
929 2269 1019 2334 Lucii
1033 2272 1127 2346 Veri3
1147 2271 1255 2336 consul
1270 2295 1302 2336 a.
1317 2273 1359 2339 U.
1379 2275 1453 2340 895.

390 2373 531 2435 Macrob.
548 2371 612 2434 Sat.
629 2373 670 2448 V,
685 2372 699 2430 l
717 2393 725 2432 ι
740 2371 882 2454 Quatnor
896 2385 969 2435 sunt
982 2391 1099 2452 genera
1120 2373 1245 2436 dicendi
1258 2373 1451 2456 :copiosum

349 2473 383 2533 in
403 2492 463 2554 qno
483 2471 596 2536 Cicero
623 2469 818 2544 dominatum
845 2471 961 2546 breve,
986 2472 1103 2554 inquo
1130 2472 1294 2538 Sallustius
1318 2491 1454 2556 regnat3

277 2651 280 2656 7
350 2574 480 2646 siccum,
504 2569 588 2654 quod
598 2567 750 2628 Frontoni
764 2569 950 2628 adscribitur
957 2594 973 2644 ,·
995 2571 1109 2652 pingue
1123 2585 1156 2633 et
1168 2571 1326 2646 floridum,
1340 2573 1378 2634 in
1397 2563 1456 2654 qno

348 2663 468 2731 Plinius
479 2666 640 2731 Secundus
657 2665 812 2746 qnondam
826 2679 858 2727 et
872 2686 958 2730 nunc
972 2667 1057 2730 nuIIo
1072 2682 1215 2731 veterum
1229 2669 1334 2732 minor
1348 2683 1456 2736 noster

348 2765 549 2852 Symmachus
562 2765 748 2828 luxuriatur.
1157 2850 1160 2857 Ι

389 2865 497 2928 Sidon.
513 2863 649 2945 Apollin.
667 2863 763 2944 Epist.
780 2881 848 2936 vin,
867 2864 925 2926 102
943 2863 985 2926 M.
998 2863 1120 2926 Tollius
1134 2865 1168 2926 in
1184 2864 1359 2928 actionibus
1374 2879 1456 2930 cete·

291 2957 297 2970 '
348 2959 395 3026 ris
405 2975 538 3040 ceteros,
554 2980 611 3044 pro
624 2965 660 3022 Δ.
673 2961 818 3025 Cluentio
829 2960 893 3044 ipse
905 2981 939 3024 se
954 2961 1040 3024 vicit.
1054 2963 1097 3024 Μ.
1112 2964 1228 3027 Fronto
1241 2983 1312 3026 cum
1327 2963 1456 3046 reliquis

350 3062 544 3128 orationihus
553 3059 720 3136 emineret,
733 3068 767 3122 ἰη
779 3057 926 3141 Pelopem
942 3084 975 3125 se
986 3063 1046 3126 sihi
1058 3065 1205 3145 praetuiit.
1229 3139 1236 3152 ·

386 3197 524 3266 Pelopem]
543 3197 622 3247 Hunc
628 3195 754 3268 PeIopem
768 3195 899 3251 medicum
907 3195 987 3250 silum
998 3215 1056 3250 esse
1064 3195 1221 3252 crediderim
1234 3198 1299 3250 satis
1312 3197 1455 3261 celebrem,

418 3277 486 3330 AEtio
498 3277 610 3330 Aristidi
622 3291 649 3330 et
657 3279 762 3332 Galeno
774 3291 1015 3333 commemoratum.
1030 3277 1158 3332 Niebuhr.

394 3400 582 3464 Claudianus
592 3401 762 3464 Mamertus
770 3403 868 3485 Epist.
882 3404 921 3464 ad
933 3403 1105 3486 Sepaudum
1120 3405 1291 3478 rhetorem,
1304 3403 1339 3465 in
1350 3405 1453 3466 Baiuz.

352 3499 482 3565 Miscell.
505 3503 554 3564 ed.
571 3499 673 3564 Paris.
694 3503 744 3564 tit.
759 3525 804 3580 vr,
820 3523 853 3586 p.
874 3501 934 3564 535
954 3523 962 3565 t
990 3503 1112 3566 Naevius
1129 3517 1163 3565 et
1187 3503 1315 3565 Plautus
1335 3503 1395 3564 tihi
1418 3505 1455 3566 ad

352 3599 550 3682 elegantiam,
569 3601 647 3666 Cato
668 3605 709 3664 ad
733 3604 929 3684 gravitatem,
945 3605 1046 3665 Varro
1060 3606 1099 3664 ad
1117 3603 1274 3686 peritiam,
1291 3604 1456 3667 Gracchus

354 3699 393 3758 ad
404 3698 618 3772 acrimoniam,
629 3699 821 3785 Chrysippus
831 3702 870 3762 ad
878 3696 1086 3782 disciplinam,
1099 3701 1218 3760 Fronto
1228 3701 1272 3760 ad
1285 3721 1453 3778 pompam,

353 3791 466 3858 Cicero
481 3797 519 3858 ad
528 3795 736 3876 eloquentiam
747 3798 967 3882 capessendam
980 3795 1048 3858 usui
1061 3797 1136 3858 sint.

397 3893 513 3954 Fronto
531 3889 627 3974 Epist.
645 3896 684 3956 ad
694 3897 736 3956 M.
753 3894 905 3958 Cesamm
920 3895 963 3968 11,
980 3893 1017 3954 42
1033 3894 1146 3958 Divom
1159 3893 1353 3955 Hadrianum
1365 3909 1456 3952 avom

353 3993 577 4080 tuomlaudavi
589 3995 624 4058 in
639 4009 746 4060 senatu
757 4014 966 4078 sepenumero
985 3994 1086 4057 studio
1100 3992 1240 4078 impenso
1255 4007 1288 4056 et
1301 4010 1455 4076 propenso

285 4167 289 4174 f
355 4079 473 4174 quoque
481 4138 492 4164 ‚
508 4105 540 4152 et
552 4107 619 4151 sunt
632 4098 786 4152 orationes
801 4097 868 4152 istce
879 4095 1052 4178 frequentes
1067 4098 1099 4152 in
1107 4096 1249 4152 omnium
1262 4089 1411 4150 mnibus.

383 4189 449 4249 ‘Id.
463 4188 520 4270 Ep.
538 4189 576 4248 ad
589 4190 630 4250 M.
643 4187 795 4252 Caesarem
811 4190 837 4266 1,
856 4187 894 4250 6:
912 4188 987 4248 Mea
1003 4195 1102 4249 oratio
1117 4187 1251 4251 exstabit
1263 4187 1307 4246 M.
1319 4185 1449 4248 Goesaris
