3200 5344
862 417 931 492 ata

370 561 373 576 ’
397 587 401 595 ·
421 565 599 630 narumsreto.
613 561 673 612 Jam
681 559 774 611 Cicero
784 557 813 608 in
823 552 1138 623 limtcnaiodixcratlap.
1150 550 1266 602 Nonium
1276 564 1305 620 p.
1314 550 1376 611 att,
1389 549 1441 617 llllz

415 646 605 717 Solcrlt'omque
617 660 685 703 eom,
695 645 747 709 [ut]
753 647 842 711 posset
855 639 898 691 vel
907 638 933 690 in
948 636 1044 709 tegulis
1054 632 1229 708 proseminare
1243 641 1352 685 ostreas.

370 1061 374 1072 ¹
387 1049 454 1112 Cic.
466 1045 557 1108 Orat.
570 1042 610 1104 66
622 1063 630 1100 :
646 1038 709 1103 Sed
719 1035 797 1099 nihil
807 1046 871 1098 tam
881 1033 976 1096 debet
988 1049 1054 1093 esse
1067 997 1276 1103 numerosam,
1288 1047 1379 1108 qnam
1390 1027 1446 1089 hoc

345 1147 423 1232 quod
439 1141 568 1206 minime
582 1147 714 1221 apparet
727 1144 760 1196 et
769 1133 854 1195 valet
866 1127 1046 1213 plurimum.
1058 1130 1105 1190 Ex
1115 1127 1175 1188 hoc
1185 1144 1302 1205 genere
1312 1122 1388 1186 illud
1401 1137 1448 1185 est

346 1240 470 1311 Crassi:
486 1241 603 1303 Missos
610 1235 734 1315 fociant
744 1245 908 1312 potronos;
924 1231 987 1306 ipsi
995 1225 1156 1304 prodeant.
1176 1223 1240 1282 Cur
1257 1223 1448 1282 chtmestittis

345 1344 481 1409 consiliis
491 1361 547 1400 nos
557 1345 730 1418 oppugnant
740 1329 757 1390 2
767 1351 824 1391 cur
833 1331 872 1389 dc
879 1327 1026 1408 perfugis
1036 1328 1147 1386 nostris
1156 1327 1261 1402 copias
1272 1335 1449 1401 comparant

345 1460 451 1512 contro
464 1436 548 1501 tros?

384 1593 489 1661 Crassi]
501 1591 552 1642 hoc
565 1607 598 1640 ex
609 1583 737 1639 concione
750 1591 842 1633 contra
855 1575 1010 1650 popularem
1023 1573 1165 1626 factionem
1179 1583 1225 1624 aut
1242 1589 1275 1626 ex
1291 1571 1409 1624 mationa
1420 1569 1448 1624 iu

419 1679 576 1751 Philippum
587 1673 702 1747 petitum
714 1667 857 1727 arbitratur
870 1661 990 1721 Ellendt.

351 1815 355 1820 ’
382 1819 532 1890 comparant
543 1817 633 1865 cosmo
646 1811 701 1875 nos]
713 1805 879 1858 numerosior
887 1809 929 1856 est
937 1792 1100 1870 Quintiliani
1110 1796 1188 1849 lbetlo
1198 1796 1258 1866 (lx,
1269 1795 1297 1858 l,
1311 1797 1385 1866 toln
1396 1795 1449 1849 cor

355 1909 359 1924 '
423 1896 584 1973 deperfitgis
595 1892 690 1949 msera
701 1893 786 1964 coptos
797 1892 929 1972 oomporol
940 1885 962 1937 ir
974 1890 1130 1937 concrctam.
1191 1901 1195 1906 ·
1246 1943 1247 1946 ¹
1282 1903 1284 1910 ⁴

511 2111 638 2188 XLVI.
665 2106 711 2200 Q.
725 2103 864 2178 Mucius
883 2099 1053 2188 scevola,
1069 2101 1285 2172 Pontcltlax.

391 2365 459 2428 Cic.
470 2363 560 2423 Brut.
573 2374 604 2416 c.
613 2352 668 2430 tt,
680 2350 739 2412 163
750 2369 758 2410 t
771 2347 914 2410 Scaevola
924 2343 1049 2407 dicendi
1059 2323 1244 2425 elegantiam
1255 2327 1332 2430 satis
1344 2365 1382 2408 ex
1393 2346 1451 2410 illis

351 2461 552 2531 emtionibus,
565 2473 643 2540 quos
656 2452 787 2536 reliquit,
801 2447 950 2518 habemus
961 2447 1128 2526 cognitam.

394 2566 620 2642 Argumentum
633 2545 785 2620 orationis
800 2546 944 2616 vaolae
957 2564 1015 2627 pro
1029 2547 1072 2608 M.
1087 2543 1228 2628 Coponio
1241 2543 1275 2609 in
1288 2563 1381 2606 causa
1392 2543 1450 2608 Cu·

350 2667 442 2732 riana
453 2655 566 2724 Cicero
580 2662 724 2714 recenset
743 2649 777 2708 in
794 2649 882 2709 Brut.
900 2665 929 2706 c.
943 2643 996 2706 52.
1009 2678 1052 2690 -
1074 2643 1161 2706 Dixit
1179 2656 1244 2704 tum
1259 2645 1295 2704 L.
1314 2642 1451 2705 Licinius

351 2768 480 2832 Crassus
494 2757 643 2819 adversus
654 2747 835 2824 scaevotam,
849 2740 903 2828 qui
913 2739 995 2829 juris
1009 2741 1213 2835 peritissimus
1227 2737 1286 2802 luit
1299 2741 1450 2804 Romano·

350 2884 419 2930 rum
429 2871 581 2923 veterum.
604 2844 719 2919 Consul
737 2844 794 2905 luit
808 2862 878 2906 oum
887 2841 999 2902 eodem
1010 2839 1122 2903 Crasso
1136 2859 1166 2901 a.
1179 2842 1220 2906 U.
1233 2837 1308 2900 658.
1332 2835 1449 2900 Distin-

350 2962 488 3047 guendum
499 2975 517 3018 a
528 2955 568 3035 Q.
581 2947 685 3016 Mucio
694 2943 829 3010 &avua
840 2958 968 3021 augure.

533 3257 536 3262 .
619 3163 645 3196 ·’
716 3170 861 3254 xuvtt.
892 3171 935 3242 c.
956 3169 1081 3240 sutus.
1118 3199 1122 3207 «

366 3485 367 3488 ,
394 3429 565 3504 timaret.
577 3413 605 3486 s.
617 3420 671 3498 45,
687 3403 764 3480 llll:
778 3411 921 3498 Ejusdem
933 3409 998 3477 fere
1013 3409 1159 3494 temporis
1171 3429 1241 3472 cnm
1252 3409 1288 3472 L.
1301 3409 1413 3473 Crasso
1422 3425 1452 3476 et

257 3602 262 3612 ‚
353 3541 389 3606 1,,
403 3527 546 3609 Philippo
567 3519 624 3584 luit
642 3534 735 3600 equas
748 3515 917 3584 Romanus,
938 3507 975 3574 C.
989 3507 1101 3582 Titius,
1117 3507 1170 3590 qui
1183 3513 1260 3570 'meo
1277 3507 1396 3590 judicio
1413 3504 1452 3573 'eo

352 3618 756 3718 perve11isseridetur,quo
774 3607 873 3698 potuit
892 3605 958 3668 lere
976 3605 1106 3668 Latinus
1124 3617 1232 3668 orator
1249 3605 1317 3672 sine
1334 3605 1455 3672 Graecis

352 3731 454 3806 literis
472 3738 506 3796 et
523 3717 701 3789 sinemuro
716 3709 964 3798 supervenire.
980 3705 1078 3798 Hujus
1090 3707 1249 3770 cranoues
1264 3719 1385 3772 tantum
1404 3730 1452 3772 ar·

354 3831 520 3916 gutiarum,
539 3811 660 3882 tantum
680 3810 901 3894 exemplorum,
922 3817 1044 3869 tantum
1064 3802 1254 3888 urbanitatis
1270 3791 1401 3880 habent,
1419 3821 1453 3870 ut

353 3951 443 4020 paene
460 3923 566 3990 Attico
585 3917 657 3982 stilo
677 3915 801 3997 scriptae
820 3929 886 3972 esse
904 3907 1080 3971 videantur.
1107 3907 1238 3970 Baetim
1259 3905 1398 3988 argutias
1419 3907 1453 3973 in

260 4057 325 4134 153
355 4028 521 4113 tragoedias
536 4023 611 4086 satis
624 4019 679 4082 ille
694 4017 816 4098 quidem
831 4022 936 4100 acute,
952 4011 1007 4072 setl
1020 4031 1133 4092 parum
1148 4009 1267 4089 tragice
1282 4013 1449 4074 transtulit·

281 4163 285 4170 .
392 4129 505 4198 Nescio
520 4145 560 4187 an
574 4121 657 4185 idem
671 4119 713 4180 sit
727 4114 946 4192 intelligendus
968 4113 1004 4174 in
1023 4109 1126 4174 Dione
1146 4111 1252 4175 Cassio
1272 4112 1396 4192 Fragm,
1416 4135 1453 4177 ex

349 4231 441 4298 libris
456 4225 550 4311 Prion
575 4243 607 4283 η’
633 4215 706 4278 m'
723 4201 792 4283 mc
810 4221 891 4280 Tim*
914 4221 971 4289 Mi
997 4219 1112 4290 ἀῖΰθαῖθς
1129 4217 1172 4270 καὶ
1189 4221 1215 4270 t’tt
1236 4216 1395 4292 δικαστηρίων
1414 4225 1452 4274 τὸν
