3212 5326
855 461 922 532 150

340 603 535 682 rogationem
547 601 637 683 liujus
649 601 725 680 legis
731 601 768 662 in
781 601 975 662 consulatum
987 597 1029 660 Μ.
1040 593 1127 658 lunii
1138 595 1228 657 Bruti
1241 606 1274 656 et
1284 595 1323 655 Α.
1335 593 1446 654 llanlii

341 702 502 777 vulsenis,
523 697 557 762 in
572 719 688 762 annum
702 700 799 780 igitar
815 702 888 770 575,
908 700 1007 762 refert
1019 693 1122 780 (Epit.
1137 697 1206 757 xtt
1217 695 1240 780 l,
1257 695 1283 755 si
1298 689 1444 755 Mauritio

341 803 428 866 Kind
438 804 471 864 in
481 803 707 866 Dissertatione
717 803 756 864 de
764 801 978 882 legevoconia
990 819 1061 882 pag.
1071 801 1101 874 5,
1113 797 1188 862 fides
1199 809 1279 859 esset
1287 795 1441 856 habenda.

341 899 469 982 Pighius
481 922 600 985 quoque
613 903 652 964 ad
666 923 696 964 a.
707 902 768 967 584
780 899 931 966 decennio
945 901 1011 965 tere
1024 895 1112 982 prius
1125 897 1221 960 latam
1232 895 1312 958 velle
1322 891 1444 957 Livium

340 1001 427 1064 illam
448 1003 567 1082 legem,
593 1023 685 1084 quam
705 1003 817 1066 Cicero
838 1001 1012 1084 scripserit,
1029 996 1116 1060 dicit.
1143 993 1228 1062 Livii
1240 996 1336 1059 verba
1351 1007 1441 1057 sunt:

344 1103 384 1185 Q·
410 1103 563 1167 Voconius
584 1103 674 1162 Saxa
697 1101 841 1163 tribuunt
852 1103 897 1181 pl.
921 1102 1023 1182 Iegem
1047 1099 1130 1171 tulit,
1154 1101 1283 1182 nequis
1304 1093 1446 1154 heredem

276 1218 278 1224 ’
342 1199 503 1258 mutierem
518 1203 697 1262 institueret.
720 1199 822 1258 Suasit
838 1199 939 1278 legem
959 1199 1008 1260 M.
1023 1195 1118 1256 Ceto:
1137 1209 1241 1255 exstat
1253 1196 1352 1253 oratio
1365 1189 1443 1274 ejus.

341 1297 402 1359 Sed
412 1293 554 1378 Epitome
568 1295 623 1356 illa
633 1291 716 1356 Livii
730 1309 801 1356 acta
815 1291 1031 1376 complectitur
1043 1291 1117 1354 inde
1132 1291 1171 1352 ab
1186 1309 1268 1352 anno
1279 1289 1340 1353 574
1353 1307 1446 1370 usque

341 1397 464 1470 adata,
483 1397 518 1458 in
534 1415 625 1477 quem
640 1415 756 1456 annum
775 1397 857 1457 hanc
874 1397 976 1474 legem
990 1393 1103 1468 refero,
1121 1391 1193 1472 quia
1204 1383 1293 1463 Cato,
1311 1385 1446 1470 quinque

342 1509 375 1557 et
391 1498 552 1576 sexaginta
572 1515 669 1558 annos
682 1507 785 1568 natus,
806 1495 906 1574 legem
915 1495 1084 1559 Voconiam
1101 1492 1231 1554 suasisse
1246 1491 1373 1554 dicitur.
1397 1489 1446 1553 Se·

342 1597 483 1659 cundum
494 1595 635 1670 Livium,
656 1607 798 1680 utsupra
814 1598 880 1659 dixi
895 1598 929 1659 in
942 1595 1093 1678 prooemio
1107 1595 1249 1668 Catonis,
1265 1593 1343 1658 Cato
1358 1605 1447 1654 natus

342 1709 389 1758 est
404 1717 434 1756 a.
448 1695 528 1758 514:
549 1695 644 1759 suasit
663 1717 738 1776 ergo
758 1698 840 1759 hanc
859 1698 959 1776 legem
972 1698 1054 1770 5793
1078 1695 1246 1757 secundum
1261 1692 1447 1758 Ciceronem

342 1815 418 1857 vero
429 1795 519 1870 Cato,
536 1809 629 1858 natus
644 1799 717 1868 519,
733 1815 792 1879 pro
806 1813 844 1858 ea
857 1791 937 1858 dixit
952 1818 981 1858 a.
995 1795 1068 1858 584.
1085 1797 1188 1876 Atque
1199 1793 1356 1876 epitomen
1367 1787 1447 1853 Livii

341 1909 430 1978 gesta
444 1893 570 1959 nonnisi
584 1899 710 1961 illorum
725 1899 879 1960 annorum
895 1897 1070 1980 complecti,
1085 1916 1144 1957 nec
1158 1895 1242 1984 ultra
1257 1915 1373 1956 annum
1386 1893 1446 1957 579

341 2000 524 2080 procedere,
542 2021 581 2061 ex
601 2021 638 2064 eo
658 2021 779 2082 qnoque
800 1999 905 2078 colligi
923 2011 1035 2082 potest,
1053 1997 1135 2079 quod
1148 1996 1231 2058 liber
1246 1995 1331 2060 xttr
1349 1995 1388 2056 ab
1408 1991 1448 2054 iis

168 2123 173 2140 ι
250 2111 252 2116 ·
340 2093 464 2177 incipit,
476 2115 544 2176 quae
556 2117 639 2159 anno
652 2095 712 2160 580
722 2109 811 2176 gesta
824 2107 909 2157 sunt.

268 2157 311 2244 47
380 2189 502 2256 Gellius
522 2193 622 2266 XVll,
647 2196 688 2256 6:
713 2195 757 2254 tt.
780 2193 858 2256 Cato
876 2188 1049 2254 Voconiam
1070 2189 1172 2268 legem
1193 2189 1325 2250 suadens
1344 2185 1448 2250 verbis

340 2288 426 2350 hisce
444 2309 517 2350 usus
536 2303 583 2350 est
596 2311 603 2348 :
617 2289 775 2368 Principio
795 2289 887 2348 vobis
911 2288 1022 2346 multer
1043 2304 1190 2365 maguum
1210 2285 1311 2344 dotem
1333 2284 1446 2360 attulit,

341 2399 404 2444 tum
429 2407 575 2467 maguum
595 2391 759 2464 pecuniam
781 2391 908 2466 recipit,
932 2404 1024 2471 quem
1046 2390 1078 2453 in
1098 2389 1163 2444 virt
1184 2399 1367 2464 potestatem
1390 2404 1449 2442 uon

343 2492 532 2546 committit.-
556 2507 627 2546 cam
646 2485 811 2565 pecuniam
832 2491 901 2547 vtro
924 2501 1059 2544 mutuam
1079 2485 1150 2564 dot;
1171 2499 1280 2564 postea
1299 2483 1352 2543 ubl
1371 2485 1449 2542 irato

285 2610 290 2617 ·
332 2583 493 2660 fluctuent,
509 2603 629 2645 servum
642 2587 834 2664 receptitium
847 2587 962 2644 secturi
979 2577 1222 2666 utqueflugttare
1236 2585 1343 2640 virum
1349 2575 1447 2664 jubet.

378 2713 483 2783 attulit]
493 2717 521 2770 in
531 2715 596 2768 edit.
605 2717 735 2770 Gronorii
744 2717 803 2770 voci
814 2717 870 2772 haec
884 2715 1019 2772 adnotatio
1030 2712 1150 2785 subjecta
1163 2727 1219 2768 est:
1233 2736 1247 2764 α
1259 2712 1450 2768 Atuatuca

412 2801 504 2872 affert,
513 2808 546 2855 ut
554 2801 669 2874 explicat
678 2803 813 2880 §osipater
821 2801 870 2856 lib.
881 2805 895 2856 3
906 2823 913 2854 ε
925 2801 1039 2865 Sustuli,
1049 2803 1108 2878 ejus
1110 2799 1227 2876 perfecti
1235 2797 1336 2853 lustuns
1345 2799 1450 2853 ruttulo

413 2893 471 2946 est,
490 2894 571 2956 atque
589 2885 707 2939 dibebant
726 2885 846 2958 antiqui:
869 2887 992 2957 Magnam
1009 2884 1096 2936 dotem
1115 2885 1148 2936 ad
1165 2903 1215 2936 nos
1233 2881 1341 2935 attollit.
1364 2883 1449 2936 Calo.-

374 2975 378 2986 '
414 2973 536 3042 Magnam
550 2972 638 3024 dotem
650 2972 757 3035 attulit;
777 2971 849 3042 quael
862 2968 991 3043 geminum
1006 2977 1056 3022 est.
1076 2971 1169 3022 Dotem
1185 2966 1280 3022 atudt
1293 2973 1335 3020 ert
1352 2967 1448 3038 adfert.

414 3057 507 3108 Dotem
516 3055 612 3108 attulit
619 3063 646 3108 et
656 3056 739 3108 dotem
749 3053 860 3108 attollit.
873 3077 886 3102 u
897 3053 1045 3106 Notandum
1055 3065 1106 3117 eet,
1118 3053 1270 3105 Charisium
1281 3053 1311 3104 ln
1328 3052 1450 3105 Puteohii

414 3138 479 3190 edit.
496 3158 524 3210 p·
541 3140 593 3190 tto
605 3138 684 3210 longe
697 3140 799 3200 abesse,
819 3149 851 3188 ut
867 3148 908 3188 tot
925 3134 1005 3187 verba
1022 3135 1174 3188 contineat:
1191 3135 1305 3206 legimus
1322 3134 1396 3196 enim·
1412 3135 1451 3186 ibi

414 3221 485 3272 nihil
499 3221 613 3290 amplius
627 3217 722 3292 quani:
735 3245 748 3270 α
759 3221 833 3280 tollo,
848 3219 928 3282 tolla,
943 3218 1005 3280 tuli,
1019 3220 1090 3290 quod
1104 3219 1133 3270 in
1145 3217 1341 3272 consuetudine
1354 3217 1454 3272 sustuli

415 3301 496 3353 facit:
511 3299 570 3375 ejus
583 3314 671 3354 tamen
684 3303 796 3372 perfecti
812 3303 914 3355 instans
928 3303 999 3374 apud
1012 3315 1113 3356 veteres
1130 3301 1245 3354 sustula.
1259 3324 1315 3349 ›r—
1335 3301 1451 3370 Reliqua

416 3407 479 3460 ergo
492 3389 632 3462 interpreti
648 3389 789 3452 debentur,
806 3390 853 3462 qui
866 3389 978 3460 probare
991 3389 1095 3456 studet,
1113 3386 1208 3444 attulit
1227 3389 1257 3442 in
1268 3387 1378 3442 Catonis
1392 3388 1449 3440 loco

415 3492 474 3525 esse
486 3491 602 3544 praesens
613 3485 718 3546 tempus
726 3493 775 3545 pro
784 3471 880 3542 adfert,
888 3492 943 3526 non
951 3473 1113 3548 perfectum,
1128 3491 1178 3526 nec
1191 3469 1317 3546 displicet
1329 3489 1360 3524 ea
1372 3471 1448 3532 ratio,

415 3558 477 3628 quia
490 3557 519 3608 in
533 3556 643 3626 reliquis
657 3554 744 3609 verbis
757 3555 827 3608 idem
835 3575 953 3628 praesens
966 3569 1007 3608 est
1020 3562 1185 3628 expressum.
1203 3556 1296 3621 [Immo
1305 3555 1451 3626 perfectum

415 3640 459 3693 hic
474 3660 523 3694 sua
543 3639 736 3712 significatione
757 3659 836 3710 quam
852 3640 964 3692 maxime
985 3639 1086 3693 dietum
1105 3645 1169 3706 est]
1195 3638 1394 3692 Freinshemius
1420 3639 1449 3690 in

417 3727 608 3798 supplemento
626 3726 695 3794 Livii
713 3725 761 3778 lib.
777 3727 839 3778 XLl
857 3725 930 3779 hunc
948 3725 1036 3779 locum
1053 3725 1091 3779 sic
1108 3727 1301 3796 interpretatus
1318 3736 1378 3777 eet:
1394 3726 1450 3776 «ln

416 3809 538 3864 suasione
551 3808 618 3882 legis
627 3808 751 3862 Voconiae
760 3809 823 3864 hinc
832 3827 938 3882 quoque
947 3809 1035 3880 arguit
1044 3807 1155 3860 divitum
1165 3820 1344 3860 matronarum
1353 3806 1449 3858 fastum

416 3903 444 3942 et
455 3892 639 3964 arrogantiam,
651 3891 722 3962 quod
731 3890 795 3950 t'lloe,
808 3893 902 3962 magna
915 3909 983 3962 supe
994 3890 1053 3942 dote
1065 3887 1158 3944 marito
1170 3890 1265 3949 alluta,
1274 3907 1393 3961 magnam
1404 3887 1453 3939 sui

410 3977 547 4047 pecuarium
559 3977 701 4050 reciperent
713 3997 744 4030 ac
756 3975 909 4038 retinerent,
922 3994 1028 4048 eamque
1035 3975 1171 4048 pecuarium
1189 3975 1228 4029 ita
1236 3983 1331 4046 postea
1343 3973 1396 4027 at'ro
1406 3994 1449 4026 ro-

415 4063 495 4136 ganti
503 4057 618 4118 mutuom
631 4067 735 4126 timeat,
748 4071 794 4124 ut,
806 4064 907 4136 quoties
920 4063 995 4117 date
1009 4072 1103 4129 essent,
1124 4063 1214 4116 statim
1223 4083 1275 4134 per
1287 4061 1449 4132 recepticium

416 4166 516 4200 seruum
528 4155 711 4204 ematuruerit
723 4155 750 4200 et
763 4145 1051 4219 quottdr'eflegituntem
1061 4145 1225 4206 soluturum,
1237 4145 1370 4204 maritum,
1383 4151 1450 4198 tam·

416 4246 494 4300 quam
506 4231 641 4286 delt'torem
653 4238 818 4290 extraneum,
827 4227 970 4300 importune
984 4235 1112 4304 cogerent.
1124 4251 1135 4278 a
