<?xml version="1.0" encoding="UTF-8"?>
<!DOCTYPE html PUBLIC "-//W3C//DTD XHTML 1.0 Transitional//EN"
    "http://www.w3.org/TR/xhtml1/DTD/xhtml1-transitional.dtd">
<html xmlns="http://www.w3.org/1999/xhtml" xml:lang="en" lang="en">
 <head>
  <title>
</title>
<meta http-equiv="Content-Type" content="text/html;charset=utf-8" />
  <meta name='ocr-system' content='tesseract 3.04.00' />
  <meta name='ocr-capabilities' content='ocr_page ocr_carea ocr_par ocr_line ocrx_word'/>
</head>
<body>
  <div class='ocr_page' id='page_1' title='image "./oratorumromanor01meyegoog_0114.png"; bbox 0 0 3212 5326; ppageno 0'>
   <div class='ocr_carea' id='block_1_1' title="bbox 690 445 734 516">
    <p class='ocr_par' dir='ltr' id='par_1_1' title="bbox 690 445 734 516">
     <span class='ocr_line' id='line_1_1' title="bbox 690 445 734 516; baseline 0.045 -2"><span class='ocrx_word' id='word_1_1' title='bbox 690 445 734 516; x_wconf 79' lang='lat'>89</span> 
     </span>
    </p>
   </div>
   <div class='ocr_carea' id='block_1_2' title="bbox 153 575 1373 1943">
    <p class='ocr_par' dir='ltr' id='par_1_2' title="bbox 153 575 1318 1548">
     <span class='ocr_line' id='line_1_2' title="bbox 161 575 1263 670; baseline 0.005 -25"><span class='ocrx_word' id='word_1_2' title='bbox 161 579 323 645; x_wconf 76' lang='lat' dir='ltr'><strong>Plutarchi</strong></span> <span class='ocrx_word' id='word_1_3' title='bbox 337 579 442 644; x_wconf 82' lang='lat' dir='ltr'>verbis</span> <span class='ocrx_word' id='word_1_4' title='bbox 452 583 551 642; x_wconf 73' lang='lat' dir='ltr'>Ptmc.</span> <span class='ocrx_word' id='word_1_5' title='bbox 569 575 670 660; x_wconf 82' lang='lat' dir='ltr'>polilt.</span> <span class='ocrx_word' id='word_1_6' title='bbox 685 579 703 658; x_wconf 83' lang='lat'>§</span> <span class='ocrx_word' id='word_1_7' title='bbox 718 579 749 649; x_wconf 80' lang='lat'>4,</span> <span class='ocrx_word' id='word_1_8' title='bbox 767 599 807 660; x_wconf 66' lang='lat' dir='ltr'>pz·</span> <span class='ocrx_word' id='word_1_9' title='bbox 818 577 892 652; x_wconf 84' lang='lat'><strong>800,</strong></span> <span class='ocrx_word' id='word_1_10' title='bbox 906 579 939 638; x_wconf 87' lang='lat' dir='ltr'>E.</span> <span class='ocrx_word' id='word_1_11' title='bbox 954 601 962 638; x_wconf 88' lang='lat'><strong>:</strong></span> <span class='ocrx_word' id='word_1_12' title='bbox 979 595 1101 662; x_wconf 70' lang='lat' dir='ltr'>napa-tro</span> <span class='ocrx_word' id='word_1_13' title='bbox 1116 593 1143 646; x_wconf 71' lang='lat' dir='ltr'>at</span> <span class='ocrx_word' id='word_1_14' title='bbox 1158 595 1263 670; x_wconf 71' lang='lat' dir='ltr'>mapa</span> 
     </span>
     <span class='ocr_line' id='line_1_3' title="bbox 157 685 1264 767; baseline 0.001 -19"><span class='ocrx_word' id='word_1_15' title='bbox 157 693 331 767; x_wconf 63' lang='lat' dir='ltr'>liudigerus!</span> <span class='ocrx_word' id='word_1_16' title='bbox 351 692 440 764; x_wconf 73' lang='grc' dir='ltr'>ἰχθροὶ,</span> <span class='ocrx_word' id='word_1_17' title='bbox 451 690 669 764; x_wconf 67' lang='grc' dir='ltr'>παραφυλάξαντες</span> <span class='ocrx_word' id='word_1_18' title='bbox 684 689 716 741; x_wconf 84' lang='grc' dir='ltr'>1νὶ</span> <span class='ocrx_word' id='word_1_19' title='bbox 729 687 895 762; x_wconf 58' lang='lat' dir='ltr'>‹lambitur-lm</span> <span class='ocrx_word' id='word_1_20' title='bbox 910 685 1015 759; x_wconf 69' lang='grc' dir='ltr'>κεφάλήν</span> <span class='ocrx_word' id='word_1_21' title='bbox 1027 695 1153 765; x_wconf 72' lang='lat' dir='ltr'>uiuiparos.</span> <span class='ocrx_word' id='word_1_22' title='bbox 1173 687 1264 752; x_wconf 85' lang='lat' dir='ltr'>Coni.</span> 
     </span>
     <span class='ocr_line' id='line_1_4' title="bbox 161 771 1269 860; baseline 0.004 -18"><span class='ocrx_word' id='word_1_23' title='bbox 161 780 239 842; x_wconf 86' lang='lat' dir='ltr'>Seu..</span> <span class='ocrx_word' id='word_1_24' title='bbox 254 781 402 842; x_wconf 89' lang='lat' dir='ltr'>Controv.</span> <span class='ocrx_word' id='word_1_25' title='bbox 415 781 455 854; x_wconf 81' lang='lat' dir='ltr'>V,</span> <span class='ocrx_word' id='word_1_26' title='bbox 467 797 499 860; x_wconf 91' lang='lat' dir='ltr'>p.</span> <span class='ocrx_word' id='word_1_27' title='bbox 515 772 590 838; x_wconf 75' lang='lat' dir='ltr'>sm.</span> <span class='ocrx_word' id='word_1_28' title='bbox 604 771 658 838; x_wconf 91' lang='lat' dir='ltr'>Sic</span> <span class='ocrx_word' id='word_1_29' title='bbox 672 774 818 838; x_wconf 89' lang='lat' dir='ltr'>maledici</span> <span class='ocrx_word' id='word_1_30' title='bbox 827 776 861 837; x_wconf 92' lang='lat' dir='ltr'>in</span> <span class='ocrx_word' id='word_1_31' title='bbox 876 775 1029 837; x_wconf 84' lang='lat' dir='ltr'>Caesarem</span> <span class='ocrx_word' id='word_1_32' title='bbox 1039 778 1269 860; x_wconf 73' lang='lat' dir='ltr'>epigrammatis</span> 
     </span>
     <span class='ocr_line' id='line_1_5' title="bbox 159 871 1265 964; baseline 0.002 -24"><span class='ocrx_word' id='word_1_33' title='bbox 159 897 272 940; x_wconf 69' lang='lat' dir='ltr'>uorsus</span> <span class='ocrx_word' id='word_1_34' title='bbox 286 877 424 939; x_wconf 79' lang='lat' dir='ltr'>servavit</span> <span class='ocrx_word' id='word_1_35' title='bbox 451 877 537 940; x_wconf 86' lang='lat' dir='ltr'>Suet.</span> <span class='ocrx_word' id='word_1_36' title='bbox 565 872 642 936; x_wconf 71' lang='lat' dir='ltr'>Cass.</span> <span class='ocrx_word' id='word_1_37' title='bbox 660 893 689 936; x_wconf 87' lang='lat' dir='ltr'>o.</span> <span class='ocrx_word' id='word_1_38' title='bbox 716 871 778 947; x_wconf 75' lang='lat'>493</span> <span class='ocrx_word' id='word_1_39' title='bbox 795 885 828 934; x_wconf 89' lang='lat' dir='ltr'>et</span> <span class='ocrx_word' id='word_1_40' title='bbox 850 873 1144 957; x_wconf 82' lang='lat' dir='ltr'><strong>hendecasyllabum</strong></span> <span class='ocrx_word' id='word_1_41' title='bbox 1168 879 1201 941; x_wconf 94' lang='lat' dir='ltr'>in</span> <span class='ocrx_word' id='word_1_42' title='bbox 1224 883 1265 964; x_wconf 90' lang='lat' dir='ltr'>Q.</span> 
     </span>
     <span class='ocr_line' id='line_1_6' title="bbox 164 969 1272 1047; baseline 0 -9"><span class='ocrx_word' id='word_1_43' title='bbox 164 975 293 1038; x_wconf 87' lang='lat' dir='ltr'>Curium</span> <span class='ocrx_word' id='word_1_44' title='bbox 319 972 561 1046; x_wconf 72' lang='lat' dir='ltr'>catilinarium,</span> <span class='ocrx_word' id='word_1_45' title='bbox 584 969 836 1032; x_wconf 88' lang='lat' dir='ltr'>studiosissimum</span> <span class='ocrx_word' id='word_1_46' title='bbox 855 969 1040 1047; x_wconf 79' lang='lat' dir='ltr'><strong>aleatorem,</strong></span> <span class='ocrx_word' id='word_1_47' title='bbox 1061 973 1214 1036; x_wconf 82' lang='lat' dir='ltr'>Asconius</span> <span class='ocrx_word' id='word_1_48' title='bbox 1232 977 1272 1038; x_wconf 90' lang='lat' dir='ltr'>ad</span> 
     </span>
     <span class='ocr_line' id='line_1_7' title="bbox 163 1065 1273 1152; baseline -0.005 -14"><span class='ocrx_word' id='word_1_49' title='bbox 163 1073 223 1138; x_wconf 90' lang='lat' dir='ltr'>Or.</span> <span class='ocrx_word' id='word_1_50' title='bbox 239 1073 272 1134; x_wconf 92' lang='lat' dir='ltr'>iu</span> <span class='ocrx_word' id='word_1_51' title='bbox 291 1083 364 1150; x_wconf 87' lang='lat' dir='ltr'>toga</span> <span class='ocrx_word' id='word_1_52' title='bbox 383 1071 477 1133; x_wconf 87' lang='lat' dir='ltr'>eund.</span> <span class='ocrx_word' id='word_1_53' title='bbox 489 1090 522 1151; x_wconf 91' lang='lat' dir='ltr'>p.</span> <span class='ocrx_word' id='word_1_54' title='bbox 537 1069 576 1132; x_wconf 82' lang='lat'>95</span> <span class='ocrx_word' id='word_1_55' title='bbox 588 1068 639 1130; x_wconf 85' lang='lat' dir='ltr'>etl.</span> <span class='ocrx_word' id='word_1_56' title='bbox 658 1065 757 1130; x_wconf 85' lang='lat' dir='ltr'>Orell.</span> <span class='ocrx_word' id='word_1_57' title='bbox 772 1066 1075 1152; x_wconf 79' lang='lat' dir='ltr'>Hendecasyllabum</span> <span class='ocrx_word' id='word_1_58' title='bbox 1090 1090 1187 1133; x_wconf 91' lang='lat' dir='ltr'>unum</span> <span class='ocrx_word' id='word_1_59' title='bbox 1199 1073 1273 1135; x_wconf 81' lang='lat' dir='ltr'>Gel—</span> 
     </span>
     <span class='ocr_line' id='line_1_8' title="bbox 153 1163 1274 1251; baseline -0.002 -19"><span class='ocrx_word' id='word_1_60' title='bbox 153 1169 298 1249; x_wconf 83' lang='lat' dir='ltr'>liule,</span> <span class='ocrx_word' id='word_1_61' title='bbox 325 1167 497 1251; x_wconf 76' lang='lat' dir='ltr'>12,.(quem</span> <span class='ocrx_word' id='word_1_62' title='bbox 523 1165 649 1227; x_wconf 84' lang='lat' dir='ltr'>exhibet</span> <span class='ocrx_word' id='word_1_63' title='bbox 668 1164 763 1226; x_wconf 87' lang='lat' dir='ltr'>etiam</span> <span class='ocrx_word' id='word_1_64' title='bbox 784 1163 902 1226; x_wconf 86' lang='lat' dir='ltr'>Nonius</span> <span class='ocrx_word' id='word_1_65' title='bbox 922 1184 955 1228; x_wconf 77' lang='lat' dir='ltr'>r.</span> <span class='ocrx_word' id='word_1_66' title='bbox 982 1165 1198 1238; x_wconf 73' lang='lat' dir='ltr'><em>Laboriosum,</em></span> <span class='ocrx_word' id='word_1_67' title='bbox 1214 1187 1274 1250; x_wconf 91' lang='lat' dir='ltr'>quo</span> 
     </span>
     <span class='ocr_line' id='line_1_9' title="bbox 168 1259 1275 1354; baseline -0.001 -24"><span class='ocrx_word' id='word_1_68' title='bbox 168 1270 238 1332; x_wconf 88' lang='lat' dir='ltr'>loco</span> <span class='ocrx_word' id='word_1_69' title='bbox 258 1269 357 1330; x_wconf 88' lang='lat' dir='ltr'>lladr.</span> <span class='ocrx_word' id='word_1_70' title='bbox 384 1266 498 1329; x_wconf 88' lang='lat' dir='ltr'>Junius</span> <span class='ocrx_word' id='word_1_71' title='bbox 519 1275 606 1328; x_wconf 85' lang='lat' dir='ltr'>route</span> <span class='ocrx_word' id='word_1_72' title='bbox 630 1259 735 1337; x_wconf 85' lang='lat' dir='ltr'>videt,</span> <span class='ocrx_word' id='word_1_73' title='bbox 755 1262 846 1354; x_wconf 82' lang='lat' dir='ltr'>¹Calvi</span> <span class='ocrx_word' id='word_1_74' title='bbox 867 1283 925 1346; x_wconf 88' lang='lat' dir='ltr'>pro</span> <span class='ocrx_word' id='word_1_75' title='bbox 950 1263 1036 1324; x_wconf 83' lang='lat' dir='ltr'>Galli</span> <span class='ocrx_word' id='word_1_76' title='bbox 1058 1264 1188 1329; x_wconf 88' lang='lat' dir='ltr'>nomine</span> <span class='ocrx_word' id='word_1_77' title='bbox 1206 1268 1275 1329; x_wconf 88' lang='lat' dir='ltr'>sub·</span> 
     </span>
     <span class='ocr_line' id='line_1_10' title="bbox 167 1361 1274 1450; baseline -0.001 -20"><span class='ocrx_word' id='word_1_78' title='bbox 167 1369 358 1446; x_wconf 87' lang='lat' dir='ltr'>stitueudum</span> <span class='ocrx_word' id='word_1_79' title='bbox 378 1367 480 1450; x_wconf 85' lang='lat' dir='ltr'>esse),</span> <span class='ocrx_word' id='word_1_80' title='bbox 503 1377 537 1426; x_wconf 87' lang='lat' dir='ltr'>et</span> <span class='ocrx_word' id='word_1_81' title='bbox 562 1375 689 1446; x_wconf 83' lang='lat' dir='ltr'>partem·</span> <span class='ocrx_word' id='word_1_82' title='bbox 700 1361 875 1426; x_wconf 87' lang='lat' dir='ltr'>hexametri</span> <span class='ocrx_word' id='word_1_83' title='bbox 892 1385 932 1426; x_wconf 85' lang='lat' dir='ltr'>ox</span> <span class='ocrx_word' id='word_1_84' title='bbox 951 1361 1113 1428; x_wconf 88' lang='lat' dir='ltr'>amatoriis</span> <span class='ocrx_word' id='word_1_85' title='bbox 1133 1367 1274 1430; x_wconf 85' lang='lat' dir='ltr'>Macrob.</span> 
     </span>
     <span class='ocr_line' id='line_1_11' title="bbox 170 1451 1277 1548; baseline 0.001 -22"><span class='ocrx_word' id='word_1_86' title='bbox 170 1468 232 1540; x_wconf 92' lang='lat' dir='ltr'><strong>lll,</strong></span> <span class='ocrx_word' id='word_1_87' title='bbox 248 1466 380 1544; x_wconf 86' lang='lat' dir='ltr'>8;.alias</span> <span class='ocrx_word' id='word_1_88' title='bbox 391 1464 565 1548; x_wconf 87' lang='lat' dir='ltr'>particulas</span> <span class='ocrx_word' id='word_1_89' title='bbox 577 1461 700 1526; x_wconf 87' lang='lat' dir='ltr'>Charis.</span> <span class='ocrx_word' id='word_1_90' title='bbox 717 1451 745 1536; x_wconf 83' lang='lat'>1&#39;,</span> <span class='ocrx_word' id='word_1_91' title='bbox 762 1481 794 1544; x_wconf 92' lang='lat' dir='ltr'>p.</span> <span class='ocrx_word' id='word_1_92' title='bbox 814 1463 868 1536; x_wconf 86' lang='grc'>61,</span> <span class='ocrx_word' id='word_1_93' title='bbox 886 1463 939 1537; x_wconf 83' lang='grc'>76,</span> <span class='ocrx_word' id='word_1_94' title='bbox 957 1463 1034 1540; x_wconf 80' lang='grc' dir='ltr'>12ος</span> <span class='ocrx_word' id='word_1_95' title='bbox 1053 1465 1318 1547; x_wconf 87' lang='lat' dir='ltr'>carminisepi·</span> 
     </span>
    </p>

    <p class='ocr_par' dir='ltr' id='par_1_3' title="bbox 161 1564 1373 1943">
     <span class='ocr_line' id='line_1_12' title="bbox 161 1564 1373 1647; baseline 0.002 -21"><span class='ocrx_word' id='word_1_96' title='bbox 161 1565 313 1630; x_wconf 78' lang='lat' dir='ltr'>‚thalamii</span> <span class='ocrx_word' id='word_1_97' title='bbox 326 1567 516 1630; x_wconf 76' lang='lat' dir='ltr'>mentionem</span> <span class='ocrx_word' id='word_1_98' title='bbox 525 1565 706 1628; x_wconf 78' lang='lat' dir='ltr'>Priscianus</span> <span class='ocrx_word' id='word_1_99' title='bbox 719 1564 820 1626; x_wconf 84' lang='lat' dir='ltr'>habet</span> <span class='ocrx_word' id='word_1_100' title='bbox 828 1567 869 1638; x_wconf 84' lang='lat' dir='ltr'>V,</span> <span class='ocrx_word' id='word_1_101' title='bbox 881 1583 913 1647; x_wconf 89' lang='lat' dir='ltr'>p.</span> <span class='ocrx_word' id='word_1_102' title='bbox 926 1566 1006 1639; x_wconf 80' lang='lat'>6583</span> <span class='ocrx_word' id='word_1_103' title='bbox 1023 1584 1056 1628; x_wconf 81' lang='lat' dir='ltr'>v.</span> <span class='ocrx_word' id='word_1_104' title='bbox 1076 1568 1274 1630; x_wconf 85' lang='lat' dir='ltr'>Wernsdorl.</span> <span class='ocrx_word' id='word_1_105' title='bbox 1370 1639 1373 1646; x_wconf 26' lang='lat'><em>¹</em></span> 
     </span>
     <span class='ocr_line' id='line_1_13' title="bbox 171 1666 1278 1752; baseline 0.002 -22"><span class='ocrx_word' id='word_1_106' title='bbox 171 1671 211 1730; x_wconf 88' lang='lat' dir='ltr'>ad</span> <span class='ocrx_word' id='word_1_107' title='bbox 230 1671 333 1732; x_wconf 89' lang='lat' dir='ltr'>Poett.</span> <span class='ocrx_word' id='word_1_108' title='bbox 349 1672 433 1732; x_wconf 88' lang='lat' dir='ltr'>Latt.</span> <span class='ocrx_word' id='word_1_109' title='bbox 455 1669 534 1730; x_wconf 89' lang='lat' dir='ltr'>min.</span> <span class='ocrx_word' id='word_1_110' title='bbox 549 1669 605 1742; x_wconf 82' lang='lat' dir='ltr'>lV,</span> <span class='ocrx_word' id='word_1_111' title='bbox 621 1687 655 1748; x_wconf 92' lang='lat' dir='ltr'>p.</span> <span class='ocrx_word' id='word_1_112' title='bbox 669 1666 744 1740; x_wconf 82' lang='grc'><strong>463,</strong></span> <span class='ocrx_word' id='word_1_113' title='bbox 759 1666 849 1749; x_wconf 85' lang='lat' dir='ltr'>hujus</span> <span class='ocrx_word' id='word_1_114' title='bbox 862 1669 988 1748; x_wconf 87' lang='lat' dir='ltr'>generis</span> <span class='ocrx_word' id='word_1_115' title='bbox 1001 1669 1142 1731; x_wconf 89' lang='lat' dir='ltr'>carmina</span> <span class='ocrx_word' id='word_1_116' title='bbox 1154 1689 1192 1732; x_wconf 83' lang='lat' dir='ltr'>ex</span> <span class='ocrx_word' id='word_1_117' title='bbox 1208 1689 1278 1752; x_wconf 86' lang='lat' dir='ltr'>pro·</span> 
     </span>
     <span class='ocr_line' id='line_1_14' title="bbox 162 1759 1278 1848; baseline -0.002 -20"><span class='ocrx_word' id='word_1_118' title='bbox 162 1766 273 1848; x_wconf 83' lang='lat' dir='ltr'>positu</span> <span class='ocrx_word' id='word_1_119' title='bbox 283 1785 338 1828; x_wconf 91' lang='lat' dir='ltr'>suo</span> <span class='ocrx_word' id='word_1_120' title='bbox 352 1765 562 1845; x_wconf 77' lang='lat' dir='ltr'>colligentem.</span> <span class='ocrx_word' id='word_1_121' title='bbox 577 1759 668 1828; x_wconf 78' lang='lat' dir='ltr'>Calvi</span> <span class='ocrx_word' id='word_1_122' title='bbox 682 1783 719 1824; x_wconf 87' lang='lat' dir='ltr'>ex</span> <span class='ocrx_word' id='word_1_123' title='bbox 730 1765 764 1826; x_wconf 91' lang='lat' dir='ltr'>lo</span> <span class='ocrx_word' id='word_1_124' title='bbox 777 1763 929 1844; x_wconf 79' lang='lat' dir='ltr'>tragoedia</span> <span class='ocrx_word' id='word_1_125' title='bbox 940 1785 1049 1828; x_wconf 75' lang='lat' dir='ltr'>versus</span> <span class='ocrx_word' id='word_1_126' title='bbox 1058 1787 1149 1848; x_wconf 90' lang='lat' dir='ltr'>quem</span> <span class='ocrx_word' id='word_1_127' title='bbox 1163 1764 1278 1846; x_wconf 81' lang='lat' dir='ltr'>virgil.</span> 
     </span>
     <span class='ocr_line' id='line_1_15' title="bbox 174 1859 1282 1943; baseline -0.003 -17"><span class='ocrx_word' id='word_1_128' title='bbox 174 1865 240 1926; x_wconf 86' lang='lat' dir='ltr'>Eol.</span> <span class='ocrx_word' id='word_1_129' title='bbox 256 1866 315 1940; x_wconf 86' lang='lat' dir='ltr'>Vl,</span> <span class='ocrx_word' id='word_1_130' title='bbox 334 1863 389 1936; x_wconf 81' lang='lat' dir='ltr'>tt,</span> <span class='ocrx_word' id='word_1_131' title='bbox 414 1863 554 1924; x_wconf 87' lang='lat' dir='ltr'>imitatus</span> <span class='ocrx_word' id='word_1_132' title='bbox 568 1862 677 1934; x_wconf 79' lang='lat' dir='ltr'>lemur,</span> <span class='ocrx_word' id='word_1_133' title='bbox 705 1859 745 1920; x_wconf 91' lang='lat' dir='ltr'>ab</span> <span class='ocrx_word' id='word_1_134' title='bbox 758 1861 861 1943; x_wconf 86' lang='lat' dir='ltr'>intpp.</span> <span class='ocrx_word' id='word_1_135' title='bbox 887 1875 965 1924; x_wconf 77' lang='lat' dir='ltr'>vett.</span> <span class='ocrx_word' id='word_1_136' title='bbox 988 1865 1028 1925; x_wconf 89' lang='lat' dir='ltr'>ad</span> <span class='ocrx_word' id='word_1_137' title='bbox 1046 1865 1077 1925; x_wconf 92' lang='lat' dir='ltr'>h.</span> <span class='ocrx_word' id='word_1_138' title='bbox 1097 1865 1119 1926; x_wconf 93' lang='lat' dir='ltr'>l.</span> <span class='ocrx_word' id='word_1_139' title='bbox 1140 1876 1282 1926; x_wconf 79' lang='lat' dir='ltr'>servatus</span> 
     </span>
    </p>
   </div>
   <div class='ocr_carea' id='block_1_3' title="bbox 175 1946 1401 2044">
    <p class='ocr_par' dir='ltr' id='par_1_4' title="bbox 175 1946 1401 2044">
     <span class='ocr_line' id='line_1_16' title="bbox 175 1946 1401 2044; baseline -0.002 -18"><span class='ocrx_word' id='word_1_140' title='bbox 175 1977 239 2040; x_wconf 82' lang='lat' dir='ltr'>est,.</span> <span class='ocrx_word' id='word_1_141' title='bbox 254 1975 288 2025; x_wconf 88' lang='lat' dir='ltr'>et</span> <span class='ocrx_word' id='word_1_142' title='bbox 302 1963 379 2024; x_wconf 90' lang='lat' dir='ltr'>alius</span> <span class='ocrx_word' id='word_1_143' title='bbox 392 1965 432 2024; x_wconf 88' lang='lat' dir='ltr'>ad</span> <span class='ocrx_word' id='word_1_144' title='bbox 445 1965 535 2037; x_wconf 85' lang='lat' dir='ltr'><strong>Vlll,</strong></span> <span class='ocrx_word' id='word_1_145' title='bbox 559 1959 592 2021; x_wconf 82' lang='grc'>1.</span> <span class='ocrx_word' id='word_1_146' title='bbox 615 1961 678 2023; x_wconf 85' lang='lat' dir='ltr'>Sed</span> <span class='ocrx_word' id='word_1_147' title='bbox 702 1979 773 2021; x_wconf 91' lang='lat' dir='ltr'>cum</span> <span class='ocrx_word' id='word_1_148' title='bbox 787 1973 917 2042; x_wconf 89' lang='lat' dir='ltr'>uterque</span> <span class='ocrx_word' id='word_1_149' title='bbox 936 1961 1143 2027; x_wconf 82' lang='lat' dir='ltr'>hexametrici</span> <span class='ocrx_word' id='word_1_150' title='bbox 1156 1965 1283 2044; x_wconf 88' lang='lat' dir='ltr'>generis</span> <span class='ocrx_word' id='word_1_151' title='bbox 1396 1946 1401 1955; x_wconf 51' lang='lat'>¹</span> 
     </span>
    </p>
   </div>
   <div class='ocr_carea' id='block_1_4' title="bbox 171 2057 1294 3632">
    <p class='ocr_par' dir='ltr' id='par_1_5' title="bbox 171 2057 1287 2742">
     <span class='ocr_line' id='line_1_17' title="bbox 173 2057 1283 2140; baseline 0 -18"><span class='ocrx_word' id='word_1_152' title='bbox 173 2063 236 2136; x_wconf 69' lang='grc' dir='ltr'>111,Ι</span> <span class='ocrx_word' id='word_1_153' title='bbox 250 2061 290 2121; x_wconf 89' lang='lat' dir='ltr'>de</span> <span class='ocrx_word' id='word_1_154' title='bbox 303 2057 456 2140; x_wconf 74' lang='lat' dir='ltr'>tragoedia</span> <span class='ocrx_word' id='word_1_155' title='bbox 474 2059 573 2122; x_wconf 82' lang='lat' dir='ltr'>ferme</span> <span class='ocrx_word' id='word_1_156' title='bbox 592 2057 815 2118; x_wconf 73' lang='lat' dir='ltr'>dubitauerim.</span> <span class='ocrx_word' id='word_1_157' title='bbox 835 2059 992 2121; x_wconf 77' lang='lat' dir='ltr'>preterea</span> <span class='ocrx_word' id='word_1_158' title='bbox 1016 2077 1124 2121; x_wconf 85' lang='lat' dir='ltr'>versus</span> <span class='ocrx_word' id='word_1_159' title='bbox 1137 2057 1283 2122; x_wconf 89' lang='lat' dir='ltr'>heroicus</span> 
     </span>
     <span class='ocr_line' id='line_1_18' title="bbox 175 2153 1284 2244; baseline -0.004 -21"><span class='ocrx_word' id='word_1_160' title='bbox 175 2159 340 2223; x_wconf 78' lang='lat' dir='ltr'>exhibetur</span> <span class='ocrx_word' id='word_1_161' title='bbox 353 2161 393 2222; x_wconf 90' lang='lat' dir='ltr'>ad</span> <span class='ocrx_word' id='word_1_162' title='bbox 407 2161 538 2232; x_wconf 63' lang='lat' dir='ltr'>imm-ll,</span> <span class='ocrx_word' id='word_1_163' title='bbox 557 2157 636 2234; x_wconf 82' lang='lat'><strong>632,</strong></span> <span class='ocrx_word' id='word_1_164' title='bbox 655 2177 695 2220; x_wconf 87' lang='lat' dir='ltr'>ex</span> <span class='ocrx_word' id='word_1_165' title='bbox 709 2153 869 2221; x_wconf 84' lang='lat' dir='ltr'>amatoriis</span> <span class='ocrx_word' id='word_1_166' title='bbox 885 2180 893 2218; x_wconf 85' lang='lat'><em>=</em></span> <span class='ocrx_word' id='word_1_167' title='bbox 917 2155 1175 2244; x_wconf 70' lang='lat' dir='ltr'>«Pollentemque</span> <span class='ocrx_word' id='word_1_168' title='bbox 1193 2161 1284 2220; x_wconf 83' lang='lat' dir='ltr'>deam</span> 
     </span>
     <span class='ocr_line' id='line_1_19' title="bbox 175 2257 1284 2342; baseline -0.001 -19"><span class='ocrx_word' id='word_1_169' title='bbox 175 2259 215 2323; x_wconf 84' lang='lat' dir='ltr'><em>V</em></span> <span class='ocrx_word' id='word_1_170' title='bbox 209 2274 462 2341; x_wconf 69' lang='lat' dir='ltr'>eneremssqq„</span> <span class='ocrx_word' id='word_1_171' title='bbox 481 2271 513 2320; x_wconf 91' lang='lat' dir='ltr'>ut</span> <span class='ocrx_word' id='word_1_172' title='bbox 527 2257 791 2320; x_wconf 85' lang='lat' dir='ltr'>ostendaturdeus</span> <span class='ocrx_word' id='word_1_173' title='bbox 807 2258 926 2321; x_wconf 83' lang='lat' dir='ltr'>Latinis</span> <span class='ocrx_word' id='word_1_174' title='bbox 945 2259 1039 2321; x_wconf 90' lang='lat' dir='ltr'>etiam</span> <span class='ocrx_word' id='word_1_175' title='bbox 1061 2269 1284 2342; x_wconf 82' lang='lat' dir='ltr'>nonnunquam</span> 
     </span>
     <span class='ocr_line' id='line_1_20' title="bbox 176 2357 1284 2444; baseline 0.005 -25"><span class='ocrx_word' id='word_1_176' title='bbox 176 2359 338 2441; x_wconf 89' lang='lat' dir='ltr'>utriusque</span> <span class='ocrx_word' id='word_1_177' title='bbox 358 2360 482 2438; x_wconf 89' lang='lat' dir='ltr'>generis</span> <span class='ocrx_word' id='word_1_178' title='bbox 499 2371 675 2440; x_wconf 88' lang='lat' dir='ltr'>compotem</span> <span class='ocrx_word' id='word_1_179' title='bbox 697 2375 773 2420; x_wconf 83' lang='lat' dir='ltr'>esse.</span> <span class='ocrx_word' id='word_1_180' title='bbox 795 2357 910 2420; x_wconf 88' lang='lat' dir='ltr'>Versus</span> <span class='ocrx_word' id='word_1_181' title='bbox 929 2359 990 2422; x_wconf 91' lang='lat' dir='ltr'>duo</span> <span class='ocrx_word' id='word_1_182' title='bbox 1011 2361 1049 2421; x_wconf 88' lang='lat' dir='ltr'>de</span> <span class='ocrx_word' id='word_1_183' title='bbox 1063 2359 1181 2424; x_wconf 90' lang='lat' dir='ltr'>Cerere</span> <span class='ocrx_word' id='word_1_184' title='bbox 1200 2376 1284 2444; x_wconf 67' lang='lat' dir='ltr'>teopo-</span> 
     </span>
     <span class='ocr_line' id='line_1_21' title="bbox 177 2453 1287 2540; baseline 0 -20"><span class='ocrx_word' id='word_1_185' title='bbox 177 2469 250 2540; x_wconf 72' lang='lat' dir='ltr'>pipp·</span> <span class='ocrx_word' id='word_1_186' title='bbox 264 2467 337 2520; x_wconf 88' lang='lat' dir='ltr'>suut</span> <span class='ocrx_word' id='word_1_187' title='bbox 355 2475 406 2538; x_wconf 92' lang='lat' dir='ltr'>ap.</span> <span class='ocrx_word' id='word_1_188' title='bbox 423 2457 514 2520; x_wconf 85' lang='lat' dir='ltr'>Serv.</span> <span class='ocrx_word' id='word_1_189' title='bbox 529 2457 569 2517; x_wconf 88' lang='lat' dir='ltr'>ad</span> <span class='ocrx_word' id='word_1_190' title='bbox 583 2456 653 2516; x_wconf 85' lang='lat' dir='ltr'>AEn.</span> <span class='ocrx_word' id='word_1_191' title='bbox 680 2455 736 2528; x_wconf 85' lang='lat' dir='ltr'>lv,</span> <span class='ocrx_word' id='word_1_192' title='bbox 760 2454 812 2527; x_wconf 87' lang='grc'>58,</span> <span class='ocrx_word' id='word_1_193' title='bbox 829 2467 862 2516; x_wconf 90' lang='lat' dir='ltr'>et</span> <span class='ocrx_word' id='word_1_194' title='bbox 876 2455 1106 2518; x_wconf 82' lang='lat' dir='ltr'>hemistichium</span> <span class='ocrx_word' id='word_1_195' title='bbox 1124 2453 1287 2520; x_wconf 88' lang='lat' dir='ltr'>heroicum</span> 
     </span>
     <span class='ocr_line' id='line_1_22' title="bbox 177 2545 1283 2639; baseline 0.002 -25"><span class='ocrx_word' id='word_1_196' title='bbox 177 2573 228 2636; x_wconf 94' lang='lat' dir='ltr'>ap.</span> <span class='ocrx_word' id='word_1_197' title='bbox 247 2555 350 2615; x_wconf 90' lang='lat' dir='ltr'>eumd.</span> <span class='ocrx_word' id='word_1_198' title='bbox 371 2555 479 2627; x_wconf 89' lang='lat' dir='ltr'>aXm,</span> <span class='ocrx_word' id='word_1_199' title='bbox 501 2553 575 2616; x_wconf 85' lang='grc'><strong>169.</strong></span> <span class='ocrx_word' id='word_1_200' title='bbox 597 2545 759 2639; x_wconf 75' lang='lat' dir='ltr'>[pleniora</span> <span class='ocrx_word' id='word_1_201' title='bbox 778 2551 844 2614; x_wconf 80' lang='lat' dir='ltr'>haec</span> <span class='ocrx_word' id='word_1_202' title='bbox 859 2568 913 2634; x_wconf 84' lang='lat' dir='ltr'>ap.¹</span> <span class='ocrx_word' id='word_1_203' title='bbox 927 2553 1144 2616; x_wconf 88' lang='lat' dir='ltr'>Weichertum</span> <span class='ocrx_word' id='word_1_204' title='bbox 1168 2555 1189 2616; x_wconf 93' lang='grc'>1.</span> <span class='ocrx_word' id='word_1_205' title='bbox 1208 2575 1237 2616; x_wconf 93' lang='lat' dir='ltr'>c.</span> <span class='ocrx_word' id='word_1_206' title='bbox 1252 2575 1283 2636; x_wconf 93' lang='lat' dir='ltr'>p.</span> 
     </span>
     <span class='ocr_line' id='line_1_23' title="bbox 171 2649 506 2742; baseline 0.018 -34"><span class='ocrx_word' id='word_1_207' title='bbox 171 2649 351 2742; x_wconf 57' lang='lat' dir='ltr'>sim-ild]</span> <span class='ocrx_word' id='word_1_208' title='bbox 504 2687 506 2694; x_wconf 43' lang='grc' dir='ltr'><strong><em>ι</em></strong></span> 
     </span>
    </p>

    <p class='ocr_par' dir='ltr' id='par_1_6' title="bbox 178 2745 1294 3632">
     <span class='ocr_line' id='line_1_24' title="bbox 222 2745 1286 2815; baseline 0 -7"><span class='ocrx_word' id='word_1_209' title='bbox 222 2753 276 2814; x_wconf 85' lang='grc'>66.</span> <span class='ocrx_word' id='word_1_210' title='bbox 299 2750 350 2808; x_wconf 90' lang='lat' dir='ltr'>M.</span> <span class='ocrx_word' id='word_1_211' title='bbox 374 2748 587 2815; x_wconf 80' lang='lat' dir='ltr'>Marcellum,</span> <span class='ocrx_word' id='word_1_212' title='bbox 608 2748 644 2805; x_wconf 82' lang='lat' dir='ltr'>C.</span> <span class='ocrx_word' id='word_1_213' title='bbox 672 2746 853 2813; x_wconf 83' lang='lat' dir='ltr'>Curionem,</span> <span class='ocrx_word' id='word_1_214' title='bbox 876 2745 915 2804; x_wconf 86' lang='lat' dir='ltr'>L.</span> <span class='ocrx_word' id='word_1_215' title='bbox 933 2747 1110 2806; x_wconf 82' lang='lat' dir='ltr'>Munatium</span> <span class='ocrx_word' id='word_1_216' title='bbox 1130 2749 1286 2808; x_wconf 83' lang='lat' dir='ltr'>Plancum</span> 
     </span>
     <span class='ocr_line' id='line_1_25' title="bbox 178 2843 1286 2926; baseline -0.004 -13"><span class='ocrx_word' id='word_1_217' title='bbox 178 2850 329 2913; x_wconf 78' lang='lat' dir='ltr'>brevibus</span> <span class='ocrx_word' id='word_1_218' title='bbox 348 2847 555 2910; x_wconf 83' lang='lat' dir='ltr'>absolvamus.</span> <span class='ocrx_word' id='word_1_219' title='bbox 573 2843 760 2903; x_wconf 71' lang='lat' dir='ltr'>Marcellam</span> <span class='ocrx_word' id='word_1_220' title='bbox 777 2844 901 2905; x_wconf 92' lang='lat' dir='ltr'>doctum</span> <span class='ocrx_word' id='word_1_221' title='bbox 915 2856 948 2905; x_wconf 92' lang='lat' dir='ltr'>et</span> <span class='ocrx_word' id='word_1_222' title='bbox 962 2845 1086 2926; x_wconf 90' lang='lat' dir='ltr'>optimis</span> <span class='ocrx_word' id='word_1_223' title='bbox 1099 2845 1286 2909; x_wconf 86' lang='lat' dir='ltr'>innutritum</span> 
     </span>
     <span class='ocr_line' id='line_1_26' title="bbox 180 2940 1288 3025; baseline -0.001 -15"><span class='ocrx_word' id='word_1_224' title='bbox 180 2951 311 3025; x_wconf 87' lang='lat' dir='ltr'>studiis,</span> <span class='ocrx_word' id='word_1_225' title='bbox 347 2946 508 3010; x_wconf 77' lang='lat' dir='ltr'>senatoria</span> <span class='ocrx_word' id='word_1_226' title='bbox 525 2943 688 3006; x_wconf 78' lang='lat' dir='ltr'>sententiae</span> <span class='ocrx_word' id='word_1_227' title='bbox 709 2940 895 3024; x_wconf 90' lang='lat' dir='ltr'>principem,</span> <span class='ocrx_word' id='word_1_228' title='bbox 920 2943 1045 3024; x_wconf 89' lang='lat' dir='ltr'>judiciis</span> <span class='ocrx_word' id='word_1_229' title='bbox 1070 2945 1173 3014; x_wconf 87' lang='lat' dir='ltr'>minus</span> <span class='ocrx_word' id='word_1_230' title='bbox 1195 2947 1288 3010; x_wconf 85' lang='lat' dir='ltr'>luisse</span> 
     </span>
     <span class='ocr_line' id='line_1_27' title="bbox 182 3041 1288 3130; baseline 0 -20"><span class='ocrx_word' id='word_1_231' title='bbox 182 3059 301 3130; x_wconf 87' lang='lat' dir='ltr'>aptum,</span> <span class='ocrx_word' id='word_1_232' title='bbox 314 3041 465 3106; x_wconf 81' lang='lat' dir='ltr'>credibile</span> <span class='ocrx_word' id='word_1_233' title='bbox 486 3055 581 3104; x_wconf 89' lang='lat' dir='ltr'>estex</span> <span class='ocrx_word' id='word_1_234' title='bbox 592 3042 660 3105; x_wconf 90' lang='lat' dir='ltr'>Cic.</span> <span class='ocrx_word' id='word_1_235' title='bbox 673 3045 763 3104; x_wconf 84' lang='lat' dir='ltr'>Brut.</span> <span class='ocrx_word' id='word_1_236' title='bbox 778 3063 806 3105; x_wconf 93' lang='lat' dir='ltr'>c.</span> <span class='ocrx_word' id='word_1_237' title='bbox 824 3043 875 3117; x_wconf 83' lang='grc'><strong>71,</strong></span> <span class='ocrx_word' id='word_1_238' title='bbox 890 3045 944 3125; x_wconf 91' lang='lat' dir='ltr'>qui</span> <span class='ocrx_word' id='word_1_239' title='bbox 961 3043 1043 3106; x_wconf 91' lang='lat' dir='ltr'>solus</span> <span class='ocrx_word' id='word_1_240' title='bbox 1055 3043 1141 3108; x_wconf 89' lang='lat' dir='ltr'>locus</span> <span class='ocrx_word' id='word_1_241' title='bbox 1155 3059 1215 3122; x_wconf 88' lang='lat' dir='ltr'>est,</span> <span class='ocrx_word' id='word_1_242' title='bbox 1228 3069 1288 3130; x_wconf 89' lang='lat' dir='ltr'>quo</span> 
     </span>
     <span class='ocr_line' id='line_1_28' title="bbox 182 3141 1289 3232; baseline 0.003 -22"><span class='ocrx_word' id='word_1_243' title='bbox 182 3149 266 3210; x_wconf 88' lang='lat' dir='ltr'>illius</span> <span class='ocrx_word' id='word_1_244' title='bbox 276 3159 422 3226; x_wconf 88' lang='lat' dir='ltr'>tanquam</span> <span class='ocrx_word' id='word_1_245' title='bbox 437 3141 611 3226; x_wconf 89' lang='lat' dir='ltr'>eloquentis</span> <span class='ocrx_word' id='word_1_246' title='bbox 625 3143 737 3228; x_wconf 88' lang='lat' dir='ltr'>aliquis</span> <span class='ocrx_word' id='word_1_247' title='bbox 751 3141 905 3207; x_wconf 83' lang='lat' dir='ltr'>meminit.</span> <span class='ocrx_word' id='word_1_248' title='bbox 928 3145 963 3206; x_wconf 89' lang='lat' dir='ltr'>C.</span> <span class='ocrx_word' id='word_1_249' title='bbox 980 3159 1084 3209; x_wconf 87' lang='lat' dir='ltr'>autem</span> <span class='ocrx_word' id='word_1_250' title='bbox 1102 3145 1191 3210; x_wconf 82' lang='lat' dir='ltr'>Cun&#39;o</span> <span class='ocrx_word' id='word_1_251' title='bbox 1204 3150 1289 3232; x_wconf 89' lang='lat' dir='ltr'>inge·</span> 
     </span>
     <span class='ocr_line' id='line_1_29' title="bbox 184 3246 1290 3333; baseline 0.002 -20"><span class='ocrx_word' id='word_1_252' title='bbox 184 3251 239 3312; x_wconf 91' lang='lat' dir='ltr'>nio</span> <span class='ocrx_word' id='word_1_253' title='bbox 253 3246 676 3328; x_wconf 88' lang='lat' dir='ltr'>magnus,&#39;sed·cruditionis</span> <span class='ocrx_word' id='word_1_254' title='bbox 697 3249 736 3310; x_wconf 91' lang='lat' dir='ltr'>ad</span> <span class='ocrx_word' id='word_1_255' title='bbox 755 3247 855 3330; x_wconf 89' lang='lat' dir='ltr'>patris</span> <span class='ocrx_word' id='word_1_256' title='bbox 877 3249 1050 3332; x_wconf 87' lang='lat' dir='ltr'>exemplum</span> <span class='ocrx_word' id='word_1_257' title='bbox 1075 3269 1197 3333; x_wconf 86' lang='lat' dir='ltr'>expers,</span> <span class='ocrx_word' id='word_1_258' title='bbox 1224 3250 1290 3315; x_wconf 85' lang='lat' dir='ltr'>vim</span> 
     </span>
     <span class='ocr_line' id='line_1_30' title="bbox 183 3330 1289 3436; baseline 0.004 -23"><span class='ocrx_word' id='word_1_259' title='bbox 183 3343 365 3434; x_wconf 86' lang='lat' dir='ltr'>popularem</span> <span class='ocrx_word' id='word_1_260' title='bbox 379 3344 500 3425; x_wconf 87' lang='lat' dir='ltr'>habuit,</span> <span class='ocrx_word' id='word_1_261' title='bbox 518 3349 572 3411; x_wconf 85' lang='lat' dir='ltr'>scd</span> <span class='ocrx_word' id='word_1_262' title='bbox 587 3369 684 3430; x_wconf 89' lang='lat' dir='ltr'>neque</span> <span class='ocrx_word' id='word_1_263' title='bbox 699 3350 911 3414; x_wconf 86' lang='lat' dir='ltr'>maturitatem</span> <span class='ocrx_word' id='word_1_264' title='bbox 925 3364 1080 3414; x_wconf 88' lang='lat' dir='ltr'>assecutus</span> <span class='ocrx_word' id='word_1_265' title='bbox 1094 3330 1160 3430; x_wconf 44' lang='lat' dir='ltr'>est?</span> <span class='ocrx_word' id='word_1_266' title='bbox 1176 3375 1289 3436; x_wconf 80' lang='lat' dir='ltr'>neque,</span> 
     </span>
     <span class='ocr_line' id='line_1_31' title="bbox 185 3442 1290 3530; baseline 0.005 -21"><span class='ocrx_word' id='word_1_267' title='bbox 185 3467 256 3509; x_wconf 91' lang='lat' dir='ltr'>cum</span> <span class='ocrx_word' id='word_1_268' title='bbox 277 3442 553 3508; x_wconf 83' lang='lat' dir='ltr'>turbulentissimis</span> <span class='ocrx_word' id='word_1_269' title='bbox 567 3446 663 3508; x_wconf 91' lang='lat' dir='ltr'>rebus</span> <span class='ocrx_word' id='word_1_270' title='bbox 673 3447 872 3510; x_wconf 88' lang='lat' dir='ltr'>turbulentus</span> <span class='ocrx_word' id='word_1_271' title='bbox 884 3447 950 3530; x_wconf 89' lang='lat' dir='ltr'>ipse</span> <span class='ocrx_word' id='word_1_272' title='bbox 960 3446 1113 3511; x_wconf 88' lang='lat' dir='ltr'>immistus</span> <span class='ocrx_word' id='word_1_273' title='bbox 1126 3451 1290 3526; x_wconf 88' lang='lat' dir='ltr'>occiderit,</span> 
     </span>
     <span class='ocr_line' id='line_1_32' title="bbox 187 3543 1294 3632; baseline 0.004 -22"><span class='ocrx_word' id='word_1_274' title='bbox 187 3543 369 3610; x_wconf 85' lang='lat' dir='ltr'>memoriam</span> <span class='ocrx_word' id='word_1_275' title='bbox 381 3555 475 3608; x_wconf 84' lang='lat' dir='ltr'>&#39;suam</span> <span class='ocrx_word' id='word_1_276' title='bbox 495 3545 597 3608; x_wconf 87' lang='lat' dir='ltr'>literis</span> <span class='ocrx_word' id='word_1_277' title='bbox 616 3545 831 3628; x_wconf 84' lang='lat' dir='ltr'>consignatam</span> <span class='ocrx_word' id='word_1_278' title='bbox 846 3545 983 3630; x_wconf 89' lang='lat' dir='ltr'>reliquit.</span> <span class='ocrx_word' id='word_1_279' title='bbox 1003 3547 1141 3610; x_wconf 85' lang='lat' dir='ltr'>Plancos</span> <span class='ocrx_word' id='word_1_280' title='bbox 1159 3552 1294 3632; x_wconf 90' lang='lat' dir='ltr'>deniquo</span> 
     </span>
    </p>
   </div>
   <div class='ocr_carea' id='block_1_5' title="bbox 181 3642 1307 4322">
    <p class='ocr_par' dir='ltr' id='par_1_7' title="bbox 181 3642 1307 4322">
     <span class='ocr_line' id='line_1_33' title="bbox 189 3642 1293 3738; baseline 0.005 -30"><span class='ocrx_word' id='word_1_281' title='bbox 189 3646 335 3708; x_wconf 80' lang='lat' dir='ltr'>eximiam</span> <span class='ocrx_word' id='word_1_282' title='bbox 356 3643 492 3706; x_wconf 86' lang='lat' dir='ltr'>indolem</span> <span class='ocrx_word' id='word_1_283' title='bbox 515 3642 616 3727; x_wconf 82' lang='lat' dir='ltr'>(unde</span> <span class='ocrx_word' id='word_1_284' title='bbox 638 3646 724 3708; x_wconf 89' lang='lat' dir='ltr'>inter</span> <span class='ocrx_word' id='word_1_285' title='bbox 748 3647 909 3710; x_wconf 87' lang='lat' dir='ltr'>Ciceronis</span> <span class='ocrx_word' id='word_1_286' title='bbox 938 3643 1105 3730; x_wconf 90' lang='lat' dir='ltr'>discipulos</span> <span class='ocrx_word' id='word_1_287' title='bbox 1130 3649 1293 3738; x_wconf 84' lang='lat' dir='ltr'>acceptus)</span> 
     </span>
     <span class='ocr_line' id='line_1_34' title="bbox 191 3737 1298 3834; baseline 0.006 -26"><span class='ocrx_word' id='word_1_288' title='bbox 191 3747 328 3809; x_wconf 85' lang='lat' dir='ltr'>moribus</span> <span class='ocrx_word' id='word_1_289' title='bbox 338 3737 512 3808; x_wconf 80' lang='lat' dir='ltr'>foedissimis</span> <span class='ocrx_word' id='word_1_290' title='bbox 526 3745 758 3822; x_wconf 78' lang='lat' dir='ltr'>dehonestatit3</span> <span class='ocrx_word' id='word_1_291' title='bbox 775 3765 833 3810; x_wconf 93' lang='lat' dir='ltr'>nec</span> <span class='ocrx_word' id='word_1_292' title='bbox 848 3745 915 3830; x_wconf 88' lang='lat' dir='ltr'>ipse</span> <span class='ocrx_word' id='word_1_293' title='bbox 929 3745 964 3810; x_wconf 87' lang='lat' dir='ltr'>in</span> <span class='ocrx_word' id='word_1_294' title='bbox 974 3745 1013 3810; x_wconf 88' lang='lat' dir='ltr'>iis</span> <span class='ocrx_word' id='word_1_295' title='bbox 1027 3743 1097 3826; x_wconf 82' lang='lat' dir='ltr'>luit,</span> <span class='ocrx_word' id='word_1_296' title='bbox 1113 3751 1165 3830; x_wconf 91' lang='lat' dir='ltr'>qui</span> <span class='ocrx_word' id='word_1_297' title='bbox 1180 3765 1298 3834; x_wconf 84' lang='lat' dir='ltr'>praeter</span> 
     </span>
     <span class='ocr_line' id='line_1_35' title="bbox 181 3841 1300 3925; baseline 0.006 -19"><span class='ocrx_word' id='word_1_298' title='bbox 181 3843 306 3911; x_wconf 74' lang='lat' dir='ltr'>¹latriam</span> <span class='ocrx_word' id='word_1_299' title='bbox 326 3861 411 3906; x_wconf 87' lang='lat' dir='ltr'>suam</span> <span class='ocrx_word' id='word_1_300' title='bbox 434 3843 599 3924; x_wconf 88' lang='lat' dir='ltr'>quidquam</span> <span class='ocrx_word' id='word_1_301' title='bbox 614 3845 802 3925; x_wconf 87' lang='lat' dir='ltr'>posteritatis</span> <span class='ocrx_word' id='word_1_302' title='bbox 815 3847 972 3908; x_wconf 73' lang='lat' dir='ltr'>memoriae</span> <span class='ocrx_word' id='word_1_303' title='bbox 986 3841 1229 3910; x_wconf 87' lang='lat' dir='ltr'>transmiserint.</span> <span class='ocrx_word' id='word_1_304' title='bbox 1245 3843 1300 3915; x_wconf 90' lang='lat' dir='ltr'>Sic</span> 
     </span>
     <span class='ocr_line' id='line_1_36' title="bbox 181 3938 1301 4028; baseline 0.008 -28"><span class='ocrx_word' id='word_1_305' title='bbox 181 3941 293 4001; x_wconf 65' lang='lat' dir='ltr'>etiam</span> <span class='ocrx_word' id='word_1_306' title='bbox 313 3939 366 3999; x_wconf 89' lang='lat' dir='ltr'>M.</span> <span class='ocrx_word' id='word_1_307' title='bbox 385 3938 459 4000; x_wconf 81' lang='lat' dir='ltr'>Coto</span> <span class='ocrx_word' id='word_1_308' title='bbox 471 3938 627 4022; x_wconf 84' lang='lat' dir='ltr'>perlectus</span> <span class='ocrx_word' id='word_1_309' title='bbox 646 3953 752 4002; x_wconf 81' lang='lat' dir='ltr'>orator</span> <span class='ocrx_word' id='word_1_310' title='bbox 765 3939 799 4003; x_wconf 91' lang='lat' dir='ltr'>in</span> <span class='ocrx_word' id='word_1_311' title='bbox 817 3938 943 4016; x_wconf 89' lang='lat' dir='ltr'>Stoicis,</span> <span class='ocrx_word' id='word_1_312' title='bbox 958 3941 1077 4028; x_wconf 83' lang='lat' dir='ltr'>Rutilio</span> <span class='ocrx_word' id='word_1_313' title='bbox 1090 3943 1144 4005; x_wconf 91' lang='lat' dir='ltr'>illo</span> <span class='ocrx_word' id='word_1_314' title='bbox 1159 3965 1222 4008; x_wconf 92' lang='lat' dir='ltr'>non</span> <span class='ocrx_word' id='word_1_315' title='bbox 1245 3947 1301 4008; x_wconf 88' lang='lat' dir='ltr'>ab·</span> 
     </span>
     <span class='ocr_line' id='line_1_37' title="bbox 182 4033 1307 4121; baseline 0.005 -23"><span class='ocrx_word' id='word_1_316' title='bbox 182 4033 321 4111; x_wconf 79' lang='lat' dir='ltr'>similis,</span> <span class='ocrx_word' id='word_1_317' title='bbox 341 4037 395 4098; x_wconf 89' lang='lat' dir='ltr'>sed</span> <span class='ocrx_word' id='word_1_318' title='bbox 406 4037 492 4098; x_wconf 85' lang='lat' dir='ltr'>cultu</span> <span class='ocrx_word' id='word_1_319' title='bbox 506 4037 671 4121; x_wconf 67' lang='lat' dir='ltr'>superium·</span> <span class='ocrx_word' id='word_1_320' title='bbox 686 4053 806 4102; x_wconf 89' lang='lat' dir='ltr'>morum</span> <span class='ocrx_word' id='word_1_321' title='bbox 821 4059 937 4118; x_wconf 86' lang='lat' dir='ltr'>genere</span> <span class='ocrx_word' id='word_1_322' title='bbox 948 4035 1083 4102; x_wconf 84' lang='lat' dir='ltr'>a&#39;causis</span> <span class='ocrx_word' id='word_1_323' title='bbox 1098 4037 1238 4104; x_wconf 89' lang='lat' dir='ltr'>dicendis</span> <span class='ocrx_word' id='word_1_324' title='bbox 1251 4043 1307 4104; x_wconf 89' lang='lat' dir='ltr'>ab·</span> 
     </span>
     <span class='ocr_line' id='line_1_38' title="bbox 186 4133 1306 4217; baseline 0.007 -19"><span class='ocrx_word' id='word_1_325' title='bbox 186 4133 334 4212; x_wconf 76' lang='lat' dir='ltr'>horruit,</span> <span class='ocrx_word' id='word_1_326' title='bbox 354 4148 420 4198; x_wconf 90' lang='lat' dir='ltr'>tum</span> <span class='ocrx_word' id='word_1_327' title='bbox 434 4134 590 4217; x_wconf 82' lang='lat' dir='ltr'>gravitate</span> <span class='ocrx_word' id='word_1_328' title='bbox 602 4139 720 4200; x_wconf 90' lang='lat' dir='ltr'>alicnus</span> <span class='ocrx_word' id='word_1_329' title='bbox 741 4137 780 4200; x_wconf 93' lang='lat' dir='ltr'>ab</span> <span class='ocrx_word' id='word_1_330' title='bbox 804 4139 989 4216; x_wconf 87' lang='lat' dir='ltr'>accusando,</span> <span class='ocrx_word' id='word_1_331' title='bbox 1016 4153 1082 4202; x_wconf 89' lang='lat' dir='ltr'>tum</span> <span class='ocrx_word' id='word_1_332' title='bbox 1105 4139 1306 4208; x_wconf 77' lang='lat' dir='ltr'>severitates</span> 
     </span>
     <span class='ocr_line' id='line_1_39' title="bbox 202 4233 1305 4322; baseline 0.006 -27"><span class='ocrx_word' id='word_1_333' title='bbox 202 4233 264 4296; x_wconf 88' lang='lat' dir='ltr'>reis</span> <span class='ocrx_word' id='word_1_334' title='bbox 278 4233 493 4317; x_wconf 89' lang='lat' dir='ltr'>qualicumque</span> <span class='ocrx_word' id='word_1_335' title='bbox 506 4235 615 4298; x_wconf 81' lang='lat' dir='ltr'>fraude</span> <span class='ocrx_word' id='word_1_336' title='bbox 636 4233 817 4318; x_wconf 86' lang='lat' dir='ltr'>eripiendis.</span> <span class='ocrx_word' id='word_1_337' title='bbox 839 4239 944 4320; x_wconf 86' lang='lat' dir='ltr'>Quare</span> <span class='ocrx_word' id='word_1_338' title='bbox 961 4237 1058 4302; x_wconf 88' lang='lat' dir='ltr'>multa</span> <span class='ocrx_word' id='word_1_339' title='bbox 1076 4238 1168 4322; x_wconf 88' lang='lat' dir='ltr'>hujus</span> <span class='ocrx_word' id='word_1_340' title='bbox 1187 4237 1249 4303; x_wconf 83' lang='lat' dir='ltr'>riri</span> <span class='ocrx_word' id='word_1_341' title='bbox 1271 4237 1305 4302; x_wconf 89' lang='lat' dir='ltr'>in</span> 
     </span>
    </p>
   </div>
   <div class='ocr_carea' id='block_1_6' title="bbox 1124 4378 1155 4411">
    <p class='ocr_par' dir='ltr' id='par_1_8' title="bbox 1124 4378 1155 4411">
     <span class='ocr_line' id='line_1_40' title="bbox 1124 4378 1155 4411; baseline 0 0"><span class='ocrx_word' id='word_1_342' title='bbox 1124 4378 1155 4411; x_wconf 79' lang='lat'>12</span> 
     </span>
    </p>
   </div>
   <div class='ocr_carea' id='block_1_7' title="bbox 0 0 1656 5326">
    <p class='ocr_par' dir='ltr' id='par_1_9' title="bbox 0 0 1656 5326">
     <span class='ocr_line' id='line_1_41' title="bbox 0 0 1656 5326; baseline 0 0"><span class='ocrx_word' id='word_1_343' title='bbox 0 0 1656 5326; x_wconf 95' lang='lat' dir='ltr'> </span> 
     </span>
    </p>
   </div>
  </div>
 </body>
</html>
