3212 5326
362 564 370 667 ἶ
388 559 538 629 nicanum
552 558 591 622 ed
608 557 764 642 populum,
789 556 972 643 diceretque
986 562 1143 645 accepisse
1165 582 1185 624 a
1205 581 1281 642 rege
1300 563 1463 625 Antiocho

396 658 529 732 cuniam,
551 668 585 718 ut
608 653 838 720 conditionibus
857 655 1004 736 gratiosis
1024 670 1057 720 et
1081 659 1224 722 mollibus
1250 679 1312 742 pax
1330 679 1408 722 cum
1426 679 1464 722 eo

311 778 345 850 ss
355 757 460 842 populi
469 756 603 821 Romani
617 755 743 819 nomine
754 755 854 833 fieret,
871 770 903 820 et
914 760 1053 839 quedam
1069 759 1144 822 item
1155 759 1217 823 alia
1231 757 1361 822 crimini
1372 761 1466 822 deret

263 849 311 952 s!
355 857 484 939 indigna
503 857 559 920 teli
578 857 648 919 viro
668 879 677 918 s
699 870 765 918 tum
786 857 892 939 Scipio
922 879 1021 942 peuce
1045 861 1200 942 prefatus,
1234 879 1302 942 quae
1322 852 1466 940 dignitas

216 956 261 1047 s
354 958 426 1020 vite
449 975 511 1018 sure
529 969 620 1037 etque
642 955 744 1034 glorie
759 955 955 1038 posttdabats
981 958 1155 1032 Memoria,
1178 958 1289 1040 inquit,
1311 960 1462 1040 Quirites,

208 1056 213 1065 '
355 1072 457 1137 repeto
476 1059 558 1117 diem
574 1075 643 1117 esse
661 1055 853 1128 lzodiemum,
872 1079 931 1142 quo
951 1059 1157 1120 Hannibalem
1169 1059 1308 1134 Paenum,
1326 1063 1463 1138 imperio

354 1170 457 1216 aestro
471 1157 736 1224 inimicissimum,
747 1174 860 1234 magno
866 1156 976 1234 proelio
987 1160 1051 1215 cici
1062 1161 1190 1217 interra
1199 1157 1324 1239 Africa,
1334 1177 1466 1236 pacem·

354 1276 412 1341 que
432 1269 462 1314 et
488 1257 653 1314 victoriam
671 1253 763 1314 vobis
780 1258 891 1333 peperi
915 1255 1141 1336 insperabilem.
1161 1257 1228 1318 Nan
1247 1262 1343 1338 igitur
1363 1260 1464 1317 simus

355 1353 499 1414 adversus
516 1351 589 1409 deos
600 1353 723 1428 ingrati,
746 1351 804 1410 sed
816 1371 937 1426 censeo,
952 1352 1158 1438 relinquamus
1169 1353 1349 1414 nebulonem
1372 1352 1463 1424 hunc,

355 1467 463 1510 eamus
484 1445 554 1505 ltine
572 1448 711 1525 protinus
731 1444 802 1508 lori
820 1450 935 1526 optimo
961 1451 1105 1508 maximo
1125 1448 1321 1531 gratulatum.
1346 1449 1464 1509 Fertur

355 1547 452 1610 etiam
462 1543 575 1611 oratio,
591 1561 659 1624 quse
668 1541 792 1604 videtur
801 1541 910 1606 habita
924 1564 961 1608 eo
972 1544 1022 1606 die
1037 1565 1056 1607 s
1068 1545 1226 1628 Scipione,
1239 1557 1273 1607 et
1286 1545 1339 1626 qui
1351 1545 1464 1608 dicunt

357 1667 426 1710 eant
440 1664 504 1707 non
522 1663 641 1720 veram,
658 1664 722 1708 non
736 1656 812 1706 eunt
824 1644 953 1721 infitias,
971 1645 1045 1726 quin
1059 1646 1127 1708 hoec
1150 1649 1273 1728 quidem
1288 1647 1389 1710 verba
1402 1646 1463 1706 lue·

357 1743 435 1820 rint,
452 1761 520 1824 que
536 1741 614 1816 dixi,
629 1739 794 1824 Scipionis.

311 1823 329 1891 I
391 1841 483 1892 Non...
503 1835 597 1904 scmus]
620 1837 765 1898 attentione
773 1837 883 1910 Quum
897 1850 947 1902 est,
959 1857 1014 1892 non
1027 1839 1081 1912 legi
1094 1839 1168 1892 Ne...
1194 1839 1293 1892 scmus:
1311 1859 1338 1892 v.
1356 1838 1464 1908 Quinti-

428 1924 494 1976 lian.
505 1923 528 1985 I,
539 1922 565 1987 5,
580 1921 624 1976 50.

401 2006 722 2072 Animadvertendum
746 2018 805 2082 est,
833 2007 916 2068 idem
940 2007 1060 2069 referre
1082 2004 1218 2080 Livium,
1240 2008 1295 2068 sed
1323 2005 1463 2070 ornatius

357 2111 534 2182 XXXVIII,
547 2109 583 2170 51
661 2107 734 2169 Hoc
745 2106 869 2192 (inquit)
880 2109 943 2178 die,
956 2107 1067 2167 tribuni
1076 2107 1177 2186 plebis
1185 2127 1300 2192 vosque
1315 2109 1462 2188 Quirites,

360 2235 430 2276 cum
454 2208 633 2273 Hannibale
658 2223 689 2267 et
712 2206 1011 2286 Carthaginiensibus
1032 2211 1128 2289 signis
1155 2207 1273 2268 collatis
1295 2213 1327 2266 in
1350 2209 1464 2290 Africa

360 2309 437 2368 bene
452 2327 491 2366 ac
497 2305 640 2386 feliciter
644 2307 784 2384 pugnavi
788 2348 795 2362 .
809 2305 916 2388 Itaque
926 2325 995 2368 cum
1003 2303 1090 2368 dedic
1100 2303 1200 2366 litibus
1207 2319 1237 2364 et
1241 2300 1358 2387 jurgiis
1366 2321 1464 2382 super·

362 2408 465 2468 sederi
478 2425 600 2488 aequum
623 2408 675 2477 sit,
696 2425 754 2484 ego
774 2401 846 2468 ltine¹
862 2406 1018 2483 extemplo
1040 2410 1072 2464 in
1096 2393 1282 2484 Capitolium
1299 2406 1341 2464 ad
1357 2406 1463 2466 Jcrem

362 2507 514 2582 optimum
525 2501 924 2585 maximumfllunonemque
948 2516 979 2564 et
998 2503 1172 2565 Minervam
1187 2518 1359 2586 ceterosque
1375 2503 1463 2570 deos,

363 2608 416 2690 qui
429 2601 582 2680 Capitolio
592 2615 680 2685 atque
692 2605 761 2661 arci
769 2603 950 2680 presidem,
962 2601 1135 2664 salutandos
1145 2603 1195 2664 ibo
1207 2629 1217 2662 .-
1232 2602 1337 2688 disque
1350 2605 1466 2683 gratias

364 2723 468 2786 agam,
482 2705 564 2788 qnod
572 2700 652 2761 milti
659 2717 688 2762 et
702 2701 759 2762 lucc
773 2707 840 2782 ipso
852 2705 903 2768 die
917 2719 947 2763 et
961 2723 1044 2782 scepe
1057 2705 1140 2765 alias
1153 2707 1281 2786 egregie
1290 2703 1464 2782 reipublice

364 2806 507 2886 gerendae
525 2819 658 2866 mentem
672 2803 915 2890 sinceritatemque
932 2805 1087 2864 dederunt.
1112 2805 1145 2870 V
1141 2820 1255 2866 estmm
1270 2825 1389 2890 quoque
1405 2803 1465 2888 qui·

365 2903 420 2962 bus
439 2895 634 2964 commodum
654 2917 711 2976 est,
727 2905 768 2960 ite
782 2921 915 2972 mecum,
936 2901 1081 2982 Quirites,
1105 2917 1135 2960 et
1155 2915 1241 2960 orate
1263 2901 1347 2970 deos,
1363 2898 1465 2960 ulmei

365 3000 482 3060 similes
491 3003 650 3080 principes
663 2997 808 3058 habeatis.
826 2997 877 3058 Ita
889 2995 927 3075 {si
941 2996 980 3055 ab
995 3001 1083 3056 annis
1098 2997 1301 3076 septendecim
1317 2997 1361 3054 cd
1387 3011 1465 3055 sene·

365 3116 476 3164 ctutem
489 3120 613 3177 semper
627 3121 684 3160 cos
700 3113 822 3159 ceratem
833 3117 936 3156 meam
950 3095 1115 3158 honoribus
1129 3102 1239 3158 vestris
1253 3099 1402 3165 autentis,
1417 3109 1467 3170 ego

367 3214 486 3259 vestros
498 3197 627 3258 bonores
639 3197 729 3262 rebus
743 3197 888 3276 gerendis
900 3201 1063 3274 praecessi.
1146 3216 1148 3218 ·

402 3299 459 3350 Hoc
476 3295 531 3362 dt'e]
549 3297 608 3348 lam
628 3315 661 3348 ex
672 3296 723 3348 hoc
742 3295 800 3348 loco
816 3293 916 3360 elucet,
935 3294 1013 3366 quale
1026 3293 1059 3348 de
1071 3295 1236 3349 orationibus
1252 3294 1322 3346 Livii
1339 3283 1465 3366 judicium

438 3379 577 3432 ferendum
588 3379 633 3432 sit.
646 3378 731 3430 Gcllii
746 3378 840 3442 oratio,
854 3396 931 3448 quam
949 3378 1068 3449 Scipioni
1079 3377 1206 3439 vindicat,
1228 3377 1314 3432 multo
1326 3375 1465 3448 simplicior

439 3478 482 3520 cst
502 3477 530 3518 et
546 3465 685 3536 antiquum
698 3464 813 3518 colorem
829 3464 943 3528 redolet;
967 3457 1060 3516 Livius
1076 3483 1138 3516 vero
1156 3464 1340 3534 antiquitatem
1358 3475 1386 3514 et
1398 3459 1464 3513 robi-

439 3553 528 3625 ginem
537 3549 708 3604 commutavit
721 3549 861 3621 splendore
869 3549 998 3602 cretionis
1008 3565 1073 3602 snoe.
1084 3549 1153 3602 Vide
1163 3549 1195 3601 ed
1207 3549 1316 3602 Catonis
1327 3547 1467 3600 cretionem

439 3638 472 3690 de
485 3639 541 3710 lege
558 3634 654 3708 Oppia.
672 3636 759 3705 Atque
773 3635 895 3688 universe
914 3633 1060 3688 tenendum
1075 3648 1131 3700 est,
1151 3653 1227 3698 eum,
1247 3632 1294 3704 qui
1312 3629 1466 3701 eloquentie

440 3719 561 3772 oratoriae
575 3719 627 3770 vim
641 3719 710 3770 bene
724 3717 882 3790 perceperit,
900 3717 978 3770 facile
991 3717 1104 3786 sentire,
1118 3729 1248 3786 quantum
1268 3715 1300 3767 eb
1319 3733 1398 3786 opere
1412 3727 1465 3764 ore·

302 3831 304 3838 ·
372 3820 376 3830 '
442 3806 507 3860 toris
521 3805 708 3859 historicorum
722 3805 821 3858 distent
841 3803 983 3866 orationes,
998 3821 1143 3876 verumque
1160 3823 1218 3856 csse
1231 3801 1268 3864 id,
1284 3801 1355 3872 quod
1374 3802 1466 3854 &nect

446 3891 568 3960 (Excerp
586 3888 711 3940 Cdntrov.
731 3888 754 3938 1.
772 3887 810 3940 III
822 3886 915 3958 prtef.)
928 3885 1001 3950 dicit,
1026 3886 1152 3940 oralt'cnes
1169 3882 1297 3946 Sallustii
1313 3882 1340 3935 t'n
1358 3883 1466 3935 lennem

421 4002 428 4043 Ἰ·
444 3979 545 4026 lanium
557 3971 722 4027 it‘srorizrum
731 3970 797 4046 legi,
810 3985 837 4024 et
846 3971 916 4042 quod
928 3970 959 4022 de
968 3971 1124 4043 Thucydide
1136 3971 1229 4024 Cicero
1234 3967 1364 4041 judicarit
1373 3969 1401 4020 in
1410 3967 1468 4017 Ora·

445 4072 501 4111 tore
515 4078 538 4110 c.
552 4061 567 4110 9
580 4079 587 4108 ι
606 4061 758 4130 Numquam
770 4064 812 4110 esi
825 4063 975 4110 numeratus
990 4065 1085 4120 orator,
1104 4077 1159 4118 nec,
1173 4056 1199 4108 st'
1211 4055 1341 4108 ir'sioriam
1354 4072 1402 4106 nen
1415 4064 1471 4104 sert·

439 4145 549 4214 presset,
566 4163 653 4198 norrun
665 4149 724 4220 ejus
737 4151 850 4199 extaret.
871 4145 917 4210 [In
930 4161 988 4199 cem
1005 4164 1061 4198 rem
1082 4163 1107 4198 r.
1127 4145 1271 4197 Westerm.
1291 4159 1319 4212 p.
1341 4140 1429 4202 1447,
1446 4142 1470 4184 et

447 4250 513 4302 quos
526 4231 572 4284 tlte
585 4231 700 4299 laudat]
