3212 5326
142 579 281 658 Pighius,
305 575 477 656 quitegem
498 576 536 635 de
556 572 702 638 libertate
723 574 839 638 civium
861 595 943 639 anno
959 579 1019 640 556
1039 583 1109 644 aP.
1126 579 1241 646 Porcio

143 677 232 737 lucca
245 673 371 736 tribuno
385 675 427 758 pl.
444 672 562 736 Catone
581 673 731 736 suadente
754 675 860 736 datam
873 673 994 738 statuit.
1011 669 1175 764 [Quamuis
1187 699 1241 742 au·

142 784 205 836 tem
219 767 359 834 nonnulli
372 770 455 832 hanc
468 767 580 832 Catoni
595 769 769 832 orationem
782 769 925 834 tribuant
943 769 988 856 (v.
1007 775 1132 834 Ernest.
1149 775 1238 838 Clas.

141 872 209 934 Cic.
220 893 253 934 v.
268 869 407 954 Porcia),
421 882 527 932 tamen
540 870 623 933 haud
637 869 702 932 scio
718 891 759 932 an
776 869 831 933 alii
845 891 915 934 eam
929 871 1058 936 meliore
1068 871 1138 953 jure
1150 875 1243 956 ipsius

144 969 335 1052 temporibus
349 965 557 1050 antiquiorem
568 967 750 1051 judicent...
772 971 866 1033 Forte
883 989 942 1052 pro
957 972 1065 1052 populi
1081 972 1243 1051 legendnm

140 1071 248 1131 Petilii
261 1072 312 1134 vel
321 1069 486 1152 Petiliam,
500 1071 545 1134 ita
558 1081 593 1132 ut
608 1089 700 1134 cause
714 1067 879 1134 referenda
893 1071 935 1134 sit
948 1073 988 1137 cd
1002 1091 1072 1134 eam
1085 1073 1125 1136 de
1138 1090 1198 1154 qua
1209 1074 1243 1135 in

142 1185 222 1233 orat.
235 1172 274 1230 de
283 1174 414 1250 pccuma
426 1175 512 1252 regis
524 1169 675 1230 Antiochi
689 1171 808 1234 dictum
823 1167 931 1254 (supra
942 1191 977 1233 n.
989 1169 1081 1255 xit.»
1103 1171 1241 1232 Bollzuis.

142 1289 174 1350 p.
190 1263 278 1358 lot]
296 1270 397 1349 nsque
407 1266 571 1350 Pompeius
581 1269 689 1332 Festus
700 1287 757 1350 pro
771 1269 907 1352 scapulis
918 1268 1033 1334 civium
1042 1269 1085 1330 111.
1095 1267 1244 1332 Catonem

142 1363 257 1427 dixisse
270 1365 431 1429 manifesto
444 1365 590 1440 ostendit,
612 1364 712 1428 verba
722 1366 818 1448 ipsius
829 1366 965 1430 asserem
973 1387 1012 1428 ex
1020 1365 1163 1430 oratione
1172 1384 1244 1428 con·

141 1477 193 1526 tra
207 1465 251 1525 Μ.
263 1461 411 1528 (loeliums
426 1464 553 1526 Hostem
563 1467 714 1546 percussi,
725 1483 808 1544 saepe
822 1466 993 1532 incolumis
1005 1463 1086 1540 abts·
1094 1479 1246 1544 proeterea

139 1559 382 1641 prosepnblicu,
390 1579 449 1644 pro
462 1561 597 1646 scapulis
609 1575 699 1646 utque
713 1565 829 1622 serario
844 1561 972 1622 multum
985 1560 1160 1644 respublicce
1169 1583 1245 1641 pro·

133 1655 201 1732 fui.
225 1655 340 1736 Legem
355 1654 502 1720 Porciam
514 1658 621 1722 livius
632 1654 725 1720 allent
740 1657 780 1729 x,
811 1656 841 1718 9.
858 1657 930 1722 vid.
947 1655 1044 1720 meh.
1065 1653 1244 1738 lurisprud.

180 1853 303 1916 Nonius
324 1874 356 1936 p.
377 1853 429 1930 81,
451 1855 510 1918 15:
526 1855 728 1935 complures,
743 1855 1027 1936 frequentamenta
1045 1852 1197 1918 suasione
1211 1853 1246 1916 in

140 1950 241 2030 legem
254 1951 381 2034 populi:
399 1953 493 2034 Quod
508 1951 691 2033 complanes
708 1973 763 2014 usu
780 1955 880 2025 venit,
900 1956 987 2012 ommi
1006 1951 1144 2030 tempore
1161 1966 1245 2012 aute-

142 2063 268 2108 ventum
278 2069 359 2120 esse,
370 2049 593 2130 rempublicam
607 2051 773 2110 reddimus.

179 2201 233 2234 usu
243 2182 323 2253 oenae't]
333 2186 375 2237 En
384 2185 471 2238 locum
480 2185 628 2254 antiquum,
638 2184 668 2236 in
680 2201 734 2254 quo
745 2183 823 2236 nulla
835 2183 917 2237 editio
930 2183 1038 2237 alteram
1048 2181 1189 2236 lectionem
1197 2201 1247 2234 usn

211 2267 815 2342 evenitprebetVid.Orell.adCicer.Tuscul.
824 2287 886 2340 pag.
900 2267 953 2322 651
963 2285 1005 2340 sq.
1016 2265 1177 2334 [mamas.
1188 2266 1247 2322 Edi·

213 2355 253 2406 tio
264 2373 308 2428 ap.
316 2354 392 2409 solt.
401 2352 568 2408 reddamus.
578 2355 665 2409 Locus
673 2353 792 2408 nondum
801 2357 906 2422 sunum]

521 2561 572 2622 55.
598 2577 673 2622 caro
694 2580 724 2622 m
748 2579 874 2623 sensam

183 2739 317 2804 Censori
326 2739 439 2806 Catoni
449 2743 623 2804 orationem
635 2739 748 2804 tribuit
755 2739 924 2805 Weberus.

185 2841 306 2906 Nonius
319 2863 352 2926 p.
362 2843 435 2919 151,
447 2845 505 2906 102
517 2839 697 2914 Pasceolus,
713 2857 753 2900 ex
767 2839 852 2900 aluta
866 2839 1019 2903 sacculus.
1034 2838 1112 2904 Cato
1123 2840 1157 2900 in
1169 2842 1250 2904 Pun-

143 2957 230 3000 sam:
251 2937 351 2996 Pueri
372 2942 405 2996 in
425 2937 514 2996 ludos
532 2935 622 2995 telios
637 2934 802 3015 pusceolos
811 2933 938 3014 furare.
954 2967 998 2982 -
1016 2935 1089 2998 llaee
1103 2950 1251 3018 corrupta

145 3036 244 3098 verba
266 3037 413 3114 leguntur
436 3030 471 3094 in
495 3028 632 3095 editione
658 3031 777 3114 optima
799 3029 948 3094 Merseri.
978 3031 1105 3114 Quanto
1125 3045 1252 3114 preesset

146 3127 243 3196 editio
262 3127 362 3194 Nonii
384 3129 463 3194 1526
478 3153 487 3190 ε
504 3129 602 3190 Pueri
620 3131 651 3188 in
671 3127 743 3188 ludo
764 3127 864 3190 solent
880 3129 1044 3208 pasceolos
1058 3128 1192 3208 furari!
1214 3131 1251 3191 ln

144 3230 334 3295 Gotholredi
351 3231 459 3298 Auott.
476 3230 547 3290 Lat·
560 3248 592 3309 p·
609 3227 688 3296 1859
702 3245 742 3290 ex
756 3225 885 3309 antiqua
899 3225 974 3296 edit.
992 3224 1086 3290 lectio
1101 3248 1251 3291 memora-

147 3340 219 3392 tur:
238 3329 355 3389 Pueris
368 3332 399 3387 in
412 3327 501 3387 ludos
518 3327 608 3388 telios
622 3325 923 3408 pasceolosfitram,
943 3345 982 3388 ex
1000 3344 1061 3409 qua
1080 3324 1252 3391 Palmerius

147 3423 304 3508 conjecita
321 3425 432 3486 Pueris
443 3427 475 3484 in
488 3423 560 3484 ludo
575 3421 678 3484 soleas
691 3435 721 3482 ct
739 3421 870 3482 sacellos
880 3424 1169 3504 pasceolossurari,
1181 3425 1249 3488 scil.

147 3524 297 3597 Pansam3
313 3525 429 3606 Popma
444 3532 564 3584 antem:
578 3521 688 3581 Pueris
705 3523 737 3578 in
752 3518 822 3579 ludo
836 3517 952 3578 ocellos
959 3519 1124 3600 pasceolos
1130 3519 1250 3600 ficari,

148 3620 249 3686 intell.
261 3623 406 3691 Pansam.
421 3612 584 3708 [Palmerii
595 3616 808 3700 conjecturam
818 3637 894 3692 uera
904 3609 1056 3704 videtum]

532 3841 584 3901 56.
608 3856 686 3900 etro
705 3856 735 3898 ns
755 3848 869 3898 suncti.

191 4031 309 4094 Nonius
319 4051 350 4116 p.
362 4029 435 4107 200,
445 4030 504 4095 22:
518 4027 628 4090 coms
639 4024 803 4090 masculini
815 4021 982 4106 generis...
993 4023 1069 4085 Cato
1080 4023 1114 4084 in
1124 4019 1249 4086 Seroia:

153 4127 301 4208 Accipite,
321 4134 351 4190 si
367 4130 473 4206 vultis,
504 4125 565 4190 lsoc
582 4147 658 4190 omo
675 4130 707 4188 in
722 4139 847 4188 vostros
862 4122 976 4194 collos.
999 4154 1041 4168 --
1059 4119 1143 4185 Edit.
1171 4122 1252 4185 1526

157 4226 230 4290 (lato
245 4230 364 4292 Seroia.
