3288 5344
883 441 929 512 22

356 578 442 642 Lmlii
455 591 558 642 autem
574 578 632 640 tot
650 577 701 640 vel
716 577 799 654 tea,
822 581 969 660 quoniam
984 589 1073 642 etate
1092 576 1269 659 praecedens
1280 594 1300 634 a
1310 573 1458 655 ScipIone

355 677 538 740 observatus
560 676 677 738 dicitur
696 676 780 754 (Cic.
797 679 846 742 De
860 677 982 760 republ.
998 679 1037 751 I,
1061 675 1126 758 12),
1144 685 1179 734 ut
1197 673 1307 734 helius
1322 671 1456 754 primum

354 777 506 840 honorem
518 775 676 852 trigesimo
691 775 787 838 ferme
800 797 883 839 anno
897 775 1038 856 gesserit.
1061 779 1207 838 Praeturae
1224 773 1298 834 inde
1309 783 1340 832 et
1352 792 1459 834 musu-

353 876 435 938 latus
450 875 641 940 consortium
657 877 887 960 cumScipione
903 877 1020 940 habere
1035 895 1099 937 non
1120 871 1234 956 potuit.
1251 875 1366 939 Utrum
1373 870 1459 934 fitius

354 993 401 1037 au·
411 993 506 1054 nepos
516 973 603 1034 Laelii
617 973 747 1042 senioris
757 987 863 1037 noster
872 973 993 1047 ¹fuerit,
1011 993 1075 1036 non
1088 975 1165 1034 satis
1177 982 1311 1044 constat,
1329 982 1457 1052 praster-

355 1089 447 1149 quam
462 1071 544 1151 qucd
556 1091 653 1132 unum
672 1069 835 1134 Ciceronis
852 1071 1064 1139 testimonium
1078 1071 1212 1152 Philipp.
1237 1069 1295 1146 XI,
1310 1068 1329 1128 -t
1335 1109 1344 1139 ‚
1361 1065 1474 1146 siliunt,

353 1163 440 1226 lacit.
460 1165 592 1230 Dubitat
609 1165 786 1250 Glandorp.
810 1165 969 1230 Onomast.
994 1188 1025 1248 p.
1057 1167 1129 1228 615.
1164 1169 1225 1230 Per
1248 1176 1370 1226 eutem
1383 1183 1459 1229 saue

355 1261 518 1344 utriusque
531 1263 591 1324 hoc
606 1261 830 1326 constituamus
839 1264 924 1326 licet.
942 1265 1021 1326 Nam
1036 1262 1145 1336 consul
1158 1261 1270 1346 Laelius
1280 1258 1381 1340 major
1400 1259 1460 1322 luit

355 1393 386 1434 a.
408 1373 481 1438 565.
510 1369 689 1434 ementitur
710 1371 802 1452 Pigh.
825 1375 888 1436 vol.
910 1376 966 1449 11,
984 1393 1017 1455 p.
1034 1372 1108 1434 124.
1124 1405 1167 1418 -
1178 1369 1283 1434 Minus
1296 1382 1400 1432 autem
1414 1390 1460 1432 so·

353 1473 520 1548 lennem
535 1471 708 1549 tribunatu,
726 1495 817 1554 quem
831 1475 941 1536 Laelius
963 1493 1046 1536 anno
1055 1473 1120 1538 603
1135 1471 1237 1552 (602)
1255 1471 1381 1532 ridetur
1393 1489 1458 1549 ges·

354 1575 440 1650 sisse,
456 1572 635 1640 aedilitatem
648 1575 749 1656 plebis
764 1577 846 1658 peti3
864 1597 937 1638 nam
958 1575 991 1636 in
1007 1575 1108 1636 curuli
1122 1577 1182 1638 hoc
1196 1595 1271 1636 sane
1292 1569 1458 1654 sapiaen-

355 1682 440 1734 ctum
451 1667 620 1752 reperitur.
637 1673 692 1732 Est
705 1691 780 1734 vero
796 1673 830 1734 in
845 1671 1009 1733 tribunatu
1028 1671 1157 1750 Sapiens
1171 1670 1359 1752 appellatus,
1373 1668 1461 1751 cujus

354 1769 483 1855 honoris
502 1789 626 1830 causam
643 1769 801 1854 ceteroqui
824 1785 931 1833 notam
952 1773 1138 1834 Plutarchus
1167 1767 1280 1852 aperit,
1310 1766 1382 1832 Vita
1408 1770 1458 1830 Ti.

353 1867 493 1934 Gracchi
508 1891 538 1934 c.
560 1875 591 1935 8.
608 1873 757 1955 Sophtun,
782 1873 848 1934 sive
869 1877 945 1956 sepis
969 1873 1082 1955 potius,
1108 1869 1254 1954 quoniam
1279 1884 1344 1935 tam
1364 1872 1462 1932 multa

353 1967 466 2030 Graeca
482 1963 663 2042 immiscuit,
678 1967 758 2032 dixit
771 1971 845 2032 inde
865 1984 957 2052 poeta
971 1967 1119 2048 Lucilius3
1135 1971 1218 2032 unde
1231 1989 1289 2052 per
1310 1974 1460 2048 cautla-ybs

354 2064 474 2124 doctum
500 2063 717 2147 Quintilianus
745 2068 844 2142 VIII,
877 2065 919 2140 6,
956 2069 1019 2142 33,
1047 2087 1115 2136 non
1139 2065 1337 2144 intelligente
1349 2133 1351 2140 ,
1364 2063 1459 2146 .Spal·
1521 2125 1524 2134 ,

354 2157 471 2240 dingio.
495 2163 532 2223 In
557 2179 693 2245 praetura
708 2185 738 2225 a.
758 2164 817 2226 601
833 2179 919 2242 gesta
941 2167 1042 2245 legem
1055 2160 1461 2228 Liciniamvdesacerdotiis

355 2280 412 2341 per
420 2263 567 2343 populum
582 2263 778 2327 conterendis
790 2261 946 2336 dissuasit,
963 2285 1030 2346 qum
1044 2279 1092 2328 est
1105 2261 1240 2326 celebris
1253 2261 1308 2326 illa
1322 2265 1360 2322 de
1370 2263 1460 2322 celle-

354 2361 419 2434 gt'is
437 2357 551 2435 oratio.
568 2361 624 2426 Ex
642 2361 702 2422 hoc
717 2358 904 2437 magistratu
919 2360 1102 2444 Hispaniam
1120 2359 1260 2432 sortitus,
1285 2379 1460 2441 quanquam

353 2450 389 2512 in
399 2452 521 2522 mino-re
533 2453 675 2530 materia,
683 2453 861 2536 Scipionem
868 2456 1007 2522 imitatus
1017 2473 1075 2533 est,
1088 2455 1267 2520 Viriathum
1276 2457 1458 2535 frangendo,

353 2552 583 2613 successoribus
596 2565 632 2612 ut
648 2553 766 2614 bellum
780 2551 871 2616 lacile
887 2557 1031 2618 coniectu
1043 2553 1248 2636 relinqueret.
1268 2551 1322 2617 Sic
1347 2551 1459 2616 Cicero

354 2651 446 2716 Ollio.
464 2655 505 2728 11,
525 2655 631 2715 11.·1n
647 2656 809 2718 consulatu
818 2658 957 2740 petendo
969 2679 987 2718 a
1001 2659 1043 2740 Q.
1067 2653 1216 2737 Pompeio
1238 2657 1389 2736 deceptus·
1410 2674 1458 2715 re·

356 2752 476 2834 pulsam
490 2751 574 2815 tulit.
597 2757 674 2816 Nam
692 2770 780 2818 recte
796 2755 925 2836 Pighius
938 2779 970 2839 p.
987 2757 1050 2820 479
1066 2753 1228 2820 Plutarchi
1242 2753 1458 2818 narrationem

356 2854 483 2926 uolutat,
513 2876 568 2918 sua
582 2870 692 2938 sponte
715 2855 862 2940 Pompeio
876 2856 1005 2922 cessisse
1018 2855 1157 2920 laelium.
1174 2861 1254 2919 Nam
1273 2859 1462 2920 Plutarchus

353 2949 419 3032 ejus
440 2950 487 3014 rei
513 2956 594 3016 solus
621 2965 750 3026 auctor,
772 2957 937 3038 Praeceptt.
964 2957 1065 3036 politt.
1092 2967 1169 3017 sect.
1189 2955 1245 3027 11,
1263 2974 1295 3035 p.
1330 2953 1404 3025 886,
1421 2953 1460 3015 Α.

354 3036 556 3114 Consulatum
572 3038 670 3118 igitur
690 3037 833 3120 sequenti
848 3059 930 3102 anno
944 3038 1038 3116 gessit
1062 3039 1155 3117 (613,
1173 3059 1244 3100 cum
1264 3039 1304 3119 Q.
1326 3036 1464 3102 Servilio

355 3135 530 3223 Caepione).
546 3143 588 3200 At
602 3137 719 3202 iterum
733 3141 841 3200 consul
866 3160 926 3202 nec
946 3138 1071 3220 opinato
1086 3139 1193 3222 Scipio
1220 3161 1249 3202 a.
1280 3139 1350 3214 619,
1376 3149 1457 3220 post·

353 3253 446 3312 quam
463 3255 627 3318 censuram
650 3256 721 3298 cum
735 3237 771 3296 L.
789 3236 935 3298 Mummio
949 3257 1059 3318 parum
1074 3241 1263 3306 concordem
1284 3257 1306 3318 a]
1319 3237 1376 3298 611
1395 3257 1460 3316 ges·

353 3345 447 3394 serat.
469 3333 578 3394 Mortis
589 3332 716 3395 nefariae
729 3335 819 3416 hujus
833 3335 896 3398 viri
908 3335 1126 3418 suspicionem,
1142 3349 1178 3398 ut
1189 3350 1221 3400 et
1236 3357 1360 3400 causam
1371 3333 1461 3398 multi

354 3430 541 3510 tetigerunt3
557 3451 658 3512 neque
673 3433 761 3497 abest
774 3454 792 3495 a
806 3431 1010 3496 similitudine
1025 3436 1106 3508 veri,
1138 3456 1208 3498 cum
1223 3437 1262 3496 de
1277 3455 1367 3514 eane
1382 3451 1461 3516 qum·

354 3527 486 3611 ationem
499 3529 623 3612 quidem
644 3533 783 3596 habitam
804 3535 941 3598 Velleius
966 3535 1008 3607 ΙΙ,
1025 3533 1056 3609 4,
1074 3534 1142 3598 Cic.
1160 3537 1220 3598 Pro
1234 3533 1351 3600 Milone
1374 3554 1415 3600 c.
1429 3536 1460 3606 7,

353 3627 438 3704 Plin.
454 3634 550 3696 ttN.
570 3633 611 3702 X,
637 3631 688 3707 33,
707 3631 873 3696 affirment.
899 3627 952 3722 [V.
973 3631 1224 3698 dissertationem
1240 3635 1280 3696 de
1296 3635 1357 3696 hac
1372 3629 1462 3694 rein

354 3723 461 3788 Beieri
471 3725 608 3794 editione
621 3729 683 3810 maj
689 3729 778 3800 „cic
793 3727 878 3792 laelii
892 3729 902 3811 (
914 3727 999 3811 Lips.
1015 3727 1125 3807 1828),
1136 3753 1176 3813 ¹p.
1191 3725 1358 3820 Itanon]
1375 3730 1460 3819 Nun·

354 3843 447 3904 quam
464 3824 638 3888 celebriore
657 3824 758 3903 laudis
777 3825 932 3908 praeconio
952 3839 1081 3888 ornatus
1101 3825 1160 3889 luit
1181 3829 1343 3910 quisquam
1368 3847 1461 3908 quam

353 3921 407 3986 hic
420 3946 475 3994 ore
489 3928 530 4010 Q.
548 3925 665 3990 Metelli
680 3927 893 4003 Macedonici,
921 3917 992 3993 cum
1014 3949 1074 4010 quo
1097 3951 1155 4012 per
1175 3931 1273 3992 vitam
1287 3927 1462 4005 simultates

355 4039 549 4100 exercuerat.
560 4026 640 4092 Vide
651 4026 720 4092 Cic.
733 4028 826 4090 offic.
840 4031 865 4102 1,
881 4031 933 4106 26,
950 4027 1063 4096 Vellei.
1080 4031 1150 4106 l.l.,
1167 4033 1322 4115 Cic.Q.F
1323 4051 1352 4092 r.
1367 4031 1412 4101 11,
1429 4031 1459 4104 3,

354 4126 402 4188 De
413 4139 479 4188 nat.
496 4127 582 4187 deor.
605 4128 662 4198 Ill,
680 4127 732 4202 32,
750 4125 909 4200 etiamDe
924 4128 1050 4212 republ.
1066 4131 1092 4202 1,
1109 4129 1159 4190 19.
1172 4131 1209 4192 In
1224 4124 1397 4208 reagraria
1411 4146 1462 4208 poe

354 4221 472 4304 polaris
491 4223 632 4287 Metellus
650 4225 746 4296 ¹luisse
767 4221 911 4302 videtum
935 4240 969 4290 et
987 4223 1124 4298 defendit
1145 4225 1286 4298 etiamL.
1314 4225 1459 4296 Cottam,
