3212 5326
662 473 724 544 177

214 593 382 678 masuam
395 604 493 660 dicitur
505 605 613 667 lairere,
625 604 757 676 quemme
767 618 795 658 ct
807 605 969 658 vocatiouem
985 617 1012 658 et
1026 607 1241 678 pmhensioucm,

215 695 243 760 id
252 707 303 758 cst,
313 693 453 766 pmdendi,
462 692 582 757 vocandi,
591 691 774 765 prehendendi
779 690 836 762 jus.

188 820 315 881 Festnsr
331 843 345 874 ιι
363 811 515 906 [Noevi'am
530 811 653 903 stivam]
717 837 807 898 quam
819 813 981 900 opprobrii
993 817 1063 878 loco
1080 813 1189 902 [objici
1204 823 1244 884 ab
1269 823 1313 896 71

147 915 282 997 antiquis
291 912 419 1006 solere]‚
432 916 513 996 quod
522 915 556 976 in
567 933 604 975 ea
615 915 733 976 morari
744 909 941 1002 ads[uessent
951 911 1067 996 perditi
1076 909 1129 1002 ho]
1135 917 1242 992 mines,

146 1011 234 1076 testis
256 1027 304 1074 est
326 1017 368 1075 Μ.
391 1011 488 1102 Ca[to
506 1015 541 1075 in
562 1033 599 1074 ea
623 1033 713 1094 quam
738 1011 862 1096 scripsit
877 1011 922 1102 in]
946 1015 991 1074 M.
1023 1013 1148 1072 Coelium
1168 1021 1247 1078 sire

145 1105 430 1198 appella[visset...]
452 1134 471 1169 a
491 1125 581 1190 porta
602 1109 714 1171 Neara
737 1125 826 1195 atque
840 1131 921 1170 esc...
935 1137 950 1166 »
971 1111 1072 1194 Quem
1086 1111 1188 1174 lucum
1205 1112 1250 1178 ita

146 1211 371 1294 suppleverunt
379 1213 536 1274 editorest
547 1210 644 1270 Orsus
659 1216 717 1300 iter
732 1231 818 1272 eram
832 1232 851 1274 a
865 1224 961 1294 porta.
970 1213 1076 1276 Naevia
1090 1225 1184 1302 atque
1200 1235 1250 1278 cx·

147 1309 218 1366 inde
229 1312 261 1366 in
272 1329 400 1368 nemora
407 1305 511 1382 Ncevia
523 1331 542 1366 α
553 1309 643 1386 domo
649 1308 760 1388 procul
767 1307 883 1369 Naevia.

188 1405 339 1470 Priscian.
350 1408 405 1486 vt,
415 1410 446 1484 l,
461 1430 494 1491 p.
509 1407 590 1470 2442
606 1409 684 1472 Catu
704 1410 738 1472 in
754 1411 796 1474 Μ.
810 1409 984 1476 ceciliam:
1005 1413 1087 1494 Quis
1102 1415 1149 1476 illi
1164 1416 1251 1476 modi

147 1523 215 1564 esse
227 1503 313 1569 crull?

183 1659 292 1731 *Quid
311 1657 437 1714 Krentios
454 1679 462 1710 a
479 1660 570 1712 «Auta
582 1665 641 1732 quir
658 1659 779 1712 codicum
797 1660 953 1714 auctoritate
965 1660 1052 1716 deleri
1066 1675 1101 1716 et.
1118 1685 1131 1714 ι
1151 1665 1251 1734 Aprum

218 1755 305 1796 tamen
323 1743 429 1798 ridetur
444 1741 473 1794 h.
489 1741 509 1792 l.
530 1744 624 1814 Ecquis
645 1753 696 1794 etc.
719 1743 753 1796 Et
769 1743 807 1804 sic
828 1743 934 1796 totidem
951 1745 1035 1798 literis
1053 1749 1182 1818 scriptum
1197 1748 1253 1800 vidi

215 1829 245 1879 in
260 1827 319 1880 cod.
330 1827 414 1899 Regio
424 1827 502 1891 7497,
513 1829 551 1880 lx
560 1846 619 1881 saec.

189 1961 233 2020 Μ.
248 1959 364 2022 Coelius
384 1974 436 2022 ant
451 1957 593 2022 Caecilius
605 1959 709 2044 (litem
724 1959 808 2020 enim
826 1957 974 2022 dirimere
995 1979 1058 2022 non
1082 1964 1252 2046 possumus)

147 2053 294 2116 tribunus
307 2057 349 2136 pl.
364 2057 499 2118 minatus
514 2068 593 2127 erat,
607 2055 713 2118 nescio
728 2074 796 2128 cur,
807 2054 956 2118 Catonem
969 2076 1001 2116 se
1014 2071 1249 2119 accusaturum:

147 2159 202 2219 scd
213 2164 379 2237 antequam
390 2159 563 2239 appellarat
573 2175 653 2231 eum,
667 2155 744 2219 Cato
759 2155 826 2236 ipse
842 2167 952 2218 contra
963 2154 1049 2218 illum
1059 2159 1159 2231 venit,
1171 2162 1269 2238 qood·

147 2272 243 2332 causa
261 2254 330 2330 suit,
348 2274 407 2334 quo
427 2249 592 2316 desisteret
605 2252 650 2338 ab
671 2253 869 2314 accusatione
884 2249 1041 2318 tribunus.
1065 2253 1252 2317 Nominatur

148 2349 191 2412 M.
206 2349 349 2412 Caecilius
364 2347 507 2412 tribunus
521 2351 564 2432 pl.
582 2369 663 2412 anno
677 2351 737 2412 573
752 2343 787 2410 in
805 2345 907 2428 Pighii
923 2351 1107 2438 Annalilpus.
1131 2353 1249 2415 Macro·

147 2445 215 2508 hius
229 2445 397 2520 Caecilium,
414 2469 504 2530 quem
520 2443 619 2508 ceteri
639 2447 791 2506 tribunum
813 2447 981 2530 appellant,
998 2447 1127 2511 fortuito
1142 2471 1252 2514 errore

149 2565 322 2608 senatorem
340 2561 451 2612 vocat:
474 2527 603 2610 ιτίΜιηῖ
617 2549 700 2610 enim
724 2567 805 2610 anno
828 2549 950 2612 demum
970 2550 1056 2611 urbis
1074 2551 1134 2613 623
1152 2551 1251 2614 Atinii
1297 2557 1300 2563 ’

147 2645 311 2726 plebiscito
325 2659 484 2706 senatores
499 2658 571 2705 sunt
585 2645 670 2704 lacti.
683 2647 722 2706 V.
736 2643 885 2706 Creuzer.
903 2647 1014 2725 Antiq.
1028 2647 1117 2711 Rom.
1131 2649 1159 2727 ς.
1176 2649 1248 2713 153.

148 2737 225 2804 Cato
242 2755 342 2802 autem
359 2761 441 2802 anno
454 2739 514 2802 604
527 2753 658 2800 mortem
671 2739 760 2799 obiit.
778 2743 820 2800 At
833 2741 866 2800 in
882 2739 942 2802 alin
957 2761 1084 2820 prorsus
1097 2747 1253 2806 sententia

149 2843 186 2905 de
200 2843 306 2904 indice
322 2841 472 2903 orationis
486 2853 532 2900 est
541 2839 695 2902 Weberus
707 2857 739 2918 p.
754 2838 805 2912 32,
819 2836 871 2918 qui
886 2859 955 2900 eum
970 2859 1037 2900 csse
1051 2847 1146 2900 oraclo
1158 2847 1190 2900 in
1202 2845 1249 2903 M.

153 2938 298 3006 Coelt'um,
315 2943 344 2997 si
357 2957 390 2996 se
404 2938 558 2996 tribunum
569 2935 669 3014 plebis
681 2933 900 3014 appellavisset,
913 2947 1013 3016 putat.
1031 2939 1062 2997 ls
1074 2939 1180 3015 igitur,
1194 2942 1250 3015 ait,

148 3034 274 3097 titulum
289 3033 407 3094 tribuni
422 3044 644 3114 usurpaverat3
662 3049 730 3094 cum
746 3031 826 3113 apud
846 3031 1038 3094 Macrobium
1059 3047 1186 3097 senator
1206 3039 1251 3098 di·

150 3149 242 3198 catur
256 3156 319 3197 non
333 3130 493 3213 ignobilis,
507 3132 636 3195 fortasse
651 3132 809 3216 conjicere
822 3133 930 3209 licere,
944 3153 1013 3196 eum
1028 3149 1158 3218 propter
1168 3159 1250 3202 com·

151 3233 280 3298 missum
295 3235 372 3298 illud
385 3233 494 3296 ialsum
512 3255 529 3296 e
544 3245 654 3298 senatu
669 3247 784 3297 motum
799 3254 878 3296 esse.
904 3236 1059 3298 Piaetcrea
1078 3239 1253 3303 censoriam

150 3355 219 3398 esse
239 3333 412 3396 orationem
433 3327 601 3392 existimat.

451 3551 502 3612 65.
526 3569 652 3610 caronis
673 3541 784 3610 oaiiio
807 3571 845 3610 ns
867 3571 954 3611 nors.

196 3757 318 3824 Gellius
331 3757 372 3828 X,
392 3754 452 3816 23:
468 3753 511 3814 Μ.
523 3751 600 3814 Cato
616 3771 679 3840 non
694 3751 792 3812 solum
812 3747 1022 3828 existimatos,
1046 3754 1097 3820 sed
1114 3755 1259 3818 multatas

156 3875 275 3938 quoque
287 3875 305 3915 a
312 3853 416 3935 judice
431 3851 577 3913 mulieres
588 3847 684 3912 reiert
699 3867 762 3908 non
775 3849 888 3924 minus,
901 3847 927 3908 si
938 3835 1092 3935 vinum'i'n
1107 3870 1138 3910 se
1169 3875 1260 3934 quam
1284 3883 1285 3886 ¹

156 3955 184 4016 si
203 3956 353 4038 probrum
374 3967 406 4018 et
424 3951 610 4016 adulterium
630 3949 836 4023 admisissent.
863 3947 967 4012 Verba
991 3951 1034 4010 Μ.
1053 3949 1185 4019 'Catonis
1212 3958 1262 4016 ad-

60 4077 63 4082 ·
156 4051 269 4134 scripsi
291 4073 330 4114 ex
346 4049 500 4126 oratione,
517 4067 585 4128 quae
599 4046 782 4108 inscribitur
797 4045 848 4108 De
868 4048 947 4119 dote,
963 4043 1003 4107 'in
1024 4067 1082 4128 qua
1098 4050 1129 4110 id
1145 4071 1262 4133 quoque

156 4149 305 4231 scriptum
326 4163 385 4224 cst,
406 4146 441 4210 in
456 4144 608 4209 adulterio
623 4165 736 4206 uxores
751 4145 961 4226 deprehensas
973 4144 1021 4227 jus
1037 4148 1128 4212 luisse
1143 4147 1264 4212 maritis

157 4267 272 4314 necare
294 4270 301 4308 :
320 4248 392 4318 Vir,
415 4248 527 4330 inquit,
550 4265 640 4332 quom
660 4244 819 4314 di'rom'um
831 4243 932 4322 farcit,
957 4233 1079 4304 miilieri
1095 4243 1190 4315 ioilex
1205 4268 1264 4326 pro

1054 4359 1088 4410 23
