3288 5344
715 445 760 520 23

185 581 334 645 Africano
353 589 530 645 accusante.
552 587 591 646 V.
609 581 679 646 Cic.
700 585 789 645 Brut.
807 603 835 645 c.
853 583 905 644 21.
924 583 1008 646 Loelii
1026 605 1102 664 gens
1122 587 1286 671 (quoniam

185 681 225 742 de
243 678 391 743 Cornelia
416 679 480 742 dici
497 690 621 746 nonest
639 681 733 766 opus)
753 701 819 742 non
838 680 936 742 solum
952 683 991 741 ad
1007 685 1177 762 Augustum
1191 707 1288 767 usque

185 775 312 840 durarit
323 778 450 862 (quippe
463 779 505 839 D.
522 779 633 841 Loelius
648 777 718 841 Cos.
732 799 761 839 a.
780 775 851 861 747)
866 825 876 850 ,
893 779 946 840 sed
960 781 998 841 ad
1012 782 1145 844 Neronis
1152 797 1285 847 aetatem.

185 881 264 943 vide
277 876 442 962 Qintilian.
463 881 526 955 tx,
552 879 583 955 4,
610 881 669 942 ·31.
697 875 760 966 [De
780 875 874 940 Laelio
889 881 1078 953 'Wcsterm
1094 887 1290 947 commendat

186 973 333 1040 Wctzelii
346 978 518 1038 Excursum
532 980 570 1039 ad
586 977 652 1039 Cic.
675 977 745 1039 Cat.
765 975 839 1059 maj.
862 977 880 1058 ς
898 975 949 1038 10.
971 979 1159 1058 Fragmenta
1176 982 1289 1044 utrius·

186 1093 245 1154 que
265 1095 297 1156 r·
321 1073 361 1134 96
376 1085 458 1156 suu-t
474 1075 527 1137 101
549 1071 635 1164 sn]

134 1241 136 1248 ¹
231 1170 283 1232 17.
306 1171 354 1232 De
379 1169 446 1233 rita
465 1173 577 1234 horum
591 1169 733 1233 virorum
748 1187 780 1234 et
801 1169 942 1233 moribus
957 1171 1045 1234 nulla
1058 1185 1106 1235 est
1124 1171 1289 1237 dissensio.

186 1265 283 1329 Lenis
292 1279 326 1330 et
334 1287 391 1350 per
400 1281 498 1332 totam
509 1267 607 1332 vitam
614 1267 776 1352 aequabilis
789 1269 988 1353 Laelius(Cic.
1004 1270 1098 1334 Oilic.
1109 1273 1135 1345 l,
1145 1272 1201 1347 30,
1218 1273 1290 1348 108,

187 1365 264 1445 Top.
286 1383 316 1426 c.
333 1363 389 1437 20,
413 1366 491 1428 llor.
513 1368 618 1430 Serm.
644 1368 691 1441 ll,
713 1367 747 1440 1,
763 1367 842 1450 72),
867 1387 964 1450 quare
985 1369 1145 1430 moderate
1160 1381 1293 1431 mortem

187 1463 283 1526 amici
303 1465 410 1530 tulisse
430 1471 603 1530 credendus
627 1480 688 1542 est,
705 1471 786 1548 quod
806 1471 996 1552 persuadere
1010 1467 1100 1551 cupit
1111 1467 1223 1532 Cicero
1246 1472 1294 1532 De

188 1561 326 1626 amicitia
341 1563 460 1628 libello.
478 1565 674 1629 Auctoritate
689 1587 760 1628 cum
770 1565 918 1650 Scipione
932 1568 1122 1628 contendere
1136 1565 1222 1628 visus
1233 1579 1292 1643 est,

189 1679 260 1724 cum
275 1681 426 1744 nusquam
440 1665 505 1726 lere
517 1663 648 1728 alterius
661 1662 730 1725 sine
745 1666 844 1727 altero
858 1662 1052 1728 mentionem
1067 1661 1219 1746 reperias.
1237 1665 1295 1726 Ln-

188 1760 329 1823 ctdentus
351 1757 514 1840 inprimis
539 1761 626 1824 locus
640 1775 689 1824 est
716 1759 880 1826 Ciceronis
900 1763 948 1822 De
970 1759 1134 1842 republica
1163 1763 1197 1832 Ι,
1231 1761 1293 1823 122

186 1861 258 1916 Fuit
288 1864 371 1918 enim
391 1859 448 1918 boc
468 1863 499 1918 in
523 1865 663 1920 amicitia
683 1866 771 1946 quasi
792 1861 946 1944 quoddam
965 1859 1021 1945 jus
1043 1865 1123 1918 inter
1149 1859 1230 1933 illoc,
1266 1877 1296 1921 ut

185 1958 307 2018 initiata
319 1973 448 2036 propter
460 1963 616 2018 eximiam
633 1959 705 2020 belli
717 1959 850 2040 gloriam
865 1960 1054 2040 Africanum
1065 1975 1096 2017 ut
1109 1961 1200 2017 deum
1215 1961 1297 2020 cale·

185 2071 231 2116 ret
244 2057 360 2118 Latius
368 2081 383 2131 ,·
396 2059 625 2120 domt'vicissim
640 2060 771 2118 Laelium
780 2060 861 2143 quod
869 2073 959 2116 aetate
968 2057 1174 2131 antecedebat,
1186 2059 1289 2118 obser·

188 2169 280 2218 naret
290 2162 465 2236 inponentis
477 2158 670 2236 IocoSeipia.
685 2157 764 2221 Vide
776 2157 846 2222 Cic.
863 2159 910 2219 De
925 2155 1045 2219 invent.
1062 2161 1090 2233 Ι,
1107 2158 1143 2232 4,
1158 2159 1297 2222 Deerat.

186 2257 219 2333 1,
236 2257 293 2328 48,
311 2253 395 2318 Ptin.
422 2259 463 2318 H.
489 2258 530 2318 N.
557 2259 637 2333 Vll,
658 2257 715 2334 28,
733 2259 844 2321 Vellei.
865 2259 918 2330 ΙΙ,
940 2259 979 2333 0,
1002 2271 1034 2318 et
1053 2245 1162 2330 1,'13.
1177 2259 1295 2322 Tamen

186 2351 338 2417 fervidior
352 2353 444 2435 paulo
456 2351 583 2435 Scipio,
601 2353 759 2433 agrariam
771 2357 887 2435 legem,
902 2367 937 2414 ut
951 2375 969 2415 a
984 2353 1107 2436 plebeia
1122 2352 1296 2416 ambitione

153 2522 158 2532 ¹
188 2449 309 2514 alienus
330 2451 414 2514 ferre
438 2452 521 2514 haud
539 2450 633 2514 facile
653 2465 792 2534 poterat,
810 2450 836 2514 si
862 2450 999 2526 tulisset,
1016 2471 1096 2525 nou,
1116 2465 1152 2513 ut
1165 2451 1294 2528 tutius,

186 2568 274 2616 retro
290 2573 430 2618 cessurus
449 2550 542 2616 luisse
564 2551 700 2616 videtur.
717 2555 811 2618 Cultu
833 2552 957 2635 quidem
979 2551 1103 2639 ingenii
1125 2569 1158 2617 et
1172 2575 1295 2618 morum

184 2647 382 2734 jucunditate
396 2652 473 2713 adeo
484 2671 576 2732 pares
591 2651 733 2728 fuerunt,
748 2665 783 2712 ut
798 2648 904 2714 neutri
919 2648 1038 2732 primas
1049 2652 1121 2733 jure
1136 2651 1295 2717 vindicari

188 2745 324 2832 potuisse
336 2744 452 2810 Cicero
461 2745 582 2808 scribat
597 2749 670 2808 But.
684 2769 712 2808 c.
731 2747 787 2824 213
804 2746 933 2808 Laelium
945 2758 1051 2807 tamen
1066 2745 1227 2828 sapientiae
1236 2748 1299 2831 opi·

189 2843 286 2908 nione
298 2845 450 2925 majorem
464 2842 577 2917 luisse,
594 2843 681 2904 nulla
695 2843 733 2904 de
747 2862 851 2916 causa,
866 2839 926 2902 nisi
938 2843 1019 2920 quod
1033 2863 1096 2904 non
1108 2842 1193 2903 omni
1208 2845 1300 2908 laude

187 2961 285 3003 tinum
300 2941 453 3003 excellere
477 2937 636 3001 voluerint
663 2938 815 3002 homines.
841 2940 1023 3003 Graecorum
1044 2938 1300 3004 consuetudinem

188 3037 473 3104 eruditissimorum
502 3037 628 3121 utrique
650 3037 750 3101 tribui
773 3039 916 3102 videmus
930 3059 981 3121 ap.
997 3037 1065 3101 Cic.
1084 3041 1132 3102 De
1146 3054 1226 3103 orat.
1248 3044 1297 3118 ΙΙ,

191 3138 249 3212 37,
278 3135 356 3208 154,
378 3137 470 3206 Tusc.
495 3138 528 3208 Ι,
553 3136 586 3210 3,
604 3139 666 3200 Pro
687 3139 786 3200 Arch.
804 3159 833 3200 c.
853 3137 902 3211 7,
925 3133 1039 3200 Vellei.
1062 3136 1085 3196 l.
1111 3157 1140 3199 c.
1166 3141 1216 3201 lta
1235 3151 1299 3202 stu·

192 3233 279 3302 diosc
306 3231 481 3312 Diogenem
506 3233 675 3296 audierunt
697 3249 730 3296 et
752 3231 925 3296 Panaetium
941 3231 1063 3297 stoicos
1080 3231 1163 3318 (Cic.
1181 3237 1303 3299 Defin..

191 3332 241 3403 ΙΙ,
259 3328 312 3415 8),
328 3343 363 3390 ut
376 3328 497 3392 Rhodio
513 3329 663 3410 magistro
677 3351 750 3392 usus
761 3329 865 3414 Scipio
881 3329 1000 3394 dicitur
1011 3329 1158 3414 Sulpiciae
1172 3331 1301 3416 poetriae

189 3453 222 3494 v.
250 3431 310 3510 48,
339 3431 422 3496 conl.
448 3433 621 3495 Burmann.
655 3434 694 3495 ad
719 3433 752 3493 h.
769 3434 791 3494 l.
813 3433 1163 3515 ctSyrnrnaoh.-Epist.
1182 3435 1215 3506 Ι,
1245 3435 1297 3497 22.

190 3535 283 3594 Hunc
297 3531 469 3596 Panaetium
484 3533 519 3596 in
534 3531 630 3596 tertia
643 3531 817 3614 legatione,
833 3553 901 3614 qum
916 3533 1036 3596 Asiana
1050 3531 1126 3608 luit,
1144 3531 1302 3615 Scipionis

190 3631 337 3699 comitem
349 3632 460 3710 luisse,
477 3636 661 3697 Plutarchus
682 3635 780 3696 refert
795 3637 1022 3716 Apophthegm.
1046 3653 1135 3712 regg.
1156 3646 1189 3695 et
1202 3635 1300 3718 impp.

191 3753 224 3816 p.
247 3734 326 3812 200,
343 3738 378 3813 F,
404 3748 521 3817 etseq.
544 3731 760 3820 Xenophontis
784 3738 864 3817 quod
884 3747 1004 3798 amator
1024 3732 1298 3820 dicaturtScipio,

193 3833 276 3914 apud
289 3831 359 3896 cic.
374 3835 424 3896 Ad
435 3833 477 3915 Q}
492 3834 544 3894 Fr.
565 3833 599 3906 1,
616 3837 651 3909 8,
666 3829 786 3895 rectius
805 3836 844 3894 ad
858 3852 966 3895 omnes
981 3829 1135 3904 retertur,
1153 3831 1206 3914 qui
1221 3831 1301 3896 bene

192 3943 358 3992 senserunt
371 3951 507 4011 unquam
521 3945 553 3993 et
566 3929 772 4014 scripserunt.
795 3933 922 3994 Famam
940 3933 978 3992 de
992 3929 1139 3992 Terentio
1154 3933 1195 3992 ab
1212 3943 1301 3993 utro·

194 4045 255 4120 quc
279 4027 385 4110 adjuta
408 4048 428 4090 a
451 4027 562 4107 Valgia
586 4026 780 4090 etttemmio
799 4029 988 4111 prolectam,
1006 4028 1081 4090 satis
1104 4029 1263 4108 vulgatam
1283 4051 1302 4093 a

194 4127 344 4192 Suetonio
358 4125 426 4192 tit.
445 4129 575 4190 Terent.
591 4131 615 4210 g·
624 4129 655 4204 2,
672 4150 736 4199 non
750 4130 916 4209 tangimus,
935 4125 1009 4210 quia
1022 4127 1057 4190 in
1070 4129 1163 4212 hujus
1176 4127 1303 4210 generis

192 4223 286 4288 ream
299 4223 467 4290 veritatem
477 4228 529 4290 rel
542 4224 686 4291 veritatis
697 4229 806 4292 saltem
818 4230 952 4312 speciem
964 4225 1111 4292 invenire
1123 4247 1187 4294 non
1199 4249 1301 4314 possu-
