3212 5326
670 447 733 516 153

138 585 264 644 advorsi
273 586 402 650 eveniat,
422 583 502 666 quod
511 596 630 642 nostras
645 582 792 642 secundas
804 602 855 642 res
867 579 1016 662 'coufitten
1030 603 1104 646 nore
1118 581 1183 646 boc
1196 583 1249 646 lu·

139 688 210 744 titia
218 686 310 742 nimis
319 683 476 742 luxuriose
489 685 615 742 ereru‘at.
633 683 784 742 Advorsae
796 702 846 742 res
859 682 1002 742 edomant
1010 697 1040 742 et
1050 684 1166 756 docent,
1177 687 1253 769 quid

140 799 216 859 opus
230 784 270 838 sit
278 780 395 859 focto,·
409 777 550 838 secundos
568 798 617 840 res
631 779 737 838 laetitio
756 793 965 840 transvorsum
982 780 1102 838 trudere
1117 783 1212 842 solent
1233 805 1252 840 a

141 889 226 938 recte
245 875 428 936 consulendo
441 889 534 958 atque
547 875 755 956 intelligendo.
774 877 842 956 Quo
859 871 980 957 majore
995 895 1088 954 opere
1100 877 1167 936 dico
1186 898 1253 938 sua·

143 976 270 1058 deoque,
287 978 331 1032 uti
344 972 409 1032 ltcec
428 993 478 1032 res
493 973 608 1058 aliquot
621 975 688 1034 dies
701 975 892 1056 prostratur,
910 975 983 1034 dum
991 995 1036 1036 ecc
1047 989 1133 1036 tanto
1143 977 1255 1054 gaudio

145 1077 178 1132 in
189 1085 372 1152 potestatem
386 1087 524 1132 nostram
539 1074 710 1152 redeamus.

188 1171 293 1255 Atque
304 1189 363 1250 ego
379 1170 502 1254 quidem
518 1169 661 1244 arbitror,
679 1167 867 1230 Rhodienses
889 1171 1019 1232 uoluisse
1036 1192 1091 1232 nos
1107 1175 1150 1232 ita
1164 1167 1258 1250 depu-

144 1290 256 1351 gnare,
280 1274 324 1328 uti
341 1271 547 1350 depugnatum
567 1285 623 1340 est,
649 1291 747 1355 neque
773 1291 881 1351 regem
903 1271 1022 1332 Persen
1043 1277 1171 1334 vicisse.
1196 1271 1261 1332 Non

147 1367 334 1428 Rbodieuses
348 1369 439 1428 modo
456 1369 490 1426 id
499 1369 633 1441 noluere,
648 1370 706 1429 sed
721 1367 831 1428 multos
840 1369 971 1446 populos
980 1384 1070 1454 atque
1084 1370 1196 1428 multas
1209 1389 1261 1428 na·

148 1469 250 1526 tiones
270 1466 351 1524 idem
364 1464 498 1525 noluisse
510 1465 656 1526 arbitror.
678 1467 780 1550 Atque
794 1463 878 1523 baud
894 1469 957 1526 scio
966 1487 1007 1524 on
1019 1470 1138 1544 partim
1155 1485 1263 1525 eorum

150 1565 281 1634 fuerint,
306 1567 359 1648 qui
382 1583 442 1624 non
459 1579 571 1626 nostru
589 1564 780 1625 contumelia?
795 1584 889 1626 causa
908 1566 943 1622 id
955 1565 1102 1626 noluerint
1114 1569 1262 1624 euenire:

147 1665 207 1724 sed
219 1669 304 1746 enim
315 1665 351 1722 id
362 1678 509 1734 metuere,
525 1669 554 1724 si
564 1685 656 1724 nemo
667 1677 747 1724 esset
758 1661 861 1734 home,
876 1685 965 1748 quem
977 1684 1164 1740 vereremur,
1173 1665 1266 1750 quod·

145 1785 206 1848 que
216 1764 331 1822 luberet
336 1764 530 1843 faceremus,
546 1784 586 1823 ne
602 1763 658 1824 sub
673 1763 739 1824 solo
754 1766 885 1840 imperio
900 1779 1004 1824 nostro
1015 1769 1047 1824 in
1061 1769 1203 1826 servitute
1213 1785 1264 1824 no·

148 1879 215 1923 stra
230 1877 331 1923 essent
338 1885 354 1937 ,·
374 1861 523 1922 libertatis
543 1881 606 1922 suo:
624 1883 717 1928 carisa
729 1867 760 1920 in
780 1882 819 1920 ea
832 1867 982 1921 sententia
996 1863 1104 1942 fuisse
1118 1864 1264 1923 arbitror.

154 1961 262 2044 Atque
290 1956 480 2018 Iiltadieuses
503 1972 606 2017 tamen
631 1959 750 2017 Persen
771 1958 892 2036 publice
912 1979 1080 2043 numquam
1109 1955 1265 2040 adjuvere.

158 2060 310 2139 Cogitate,
326 2071 437 2141 quanto
461 2077 517 2118 nos
541 2061 621 2117 inter
644 2079 699 2118 nos
711 2061 857 2134 privatim
873 2061 992 2128 cautius
1011 2061 1165 2138 facimus.
1187 2057 1268 2118 Nam

154 2177 232 2217 unus
244 2161 371 2241 quisque
384 2171 535 2230 nostrum,
556 2161 585 2216 si
596 2161 662 2242 quis
675 2157 819 2216 advorsus
838 2177 905 2215 rem
917 2179 1007 2216 suom
1025 2158 1178 2242 quidfieri
1188 2156 1269 2216 arbi·

153 2270 265 2326 tratur,
283 2273 408 2313 summa
423 2257 459 2312 oi
475 2269 582 2313 contra
594 2257 709 2328 nititur,
727 2273 766 2312 ne
784 2243 931 2316 advorsus
945 2253 1085 2334 eamfiat
1092 2283 1107 2333 ,·
1126 2256 1208 2338 quod
1223 2253 1270 2314 illi
1299 2295 1341 2368 50

157 2367 265 2411 tamen
274 2351 426 2427 perpessi.
1297 2341 1304 2363 ¹

199 2449 249 2510 Eo
264 2469 342 2507 nunc
360 2449 523 2526 derepente
544 2465 628 2508 tanta
645 2469 700 2510 nos
722 2449 868 2530 beneficia
883 2448 962 2510 ultro
988 2454 1122 2534 citroque
1137 2448 1268 2510 tantam·

157 2565 217 2630 que
227 2547 407 2604 amicitiam
422 2543 653 2628 relinquemus?
670 2545 761 2625 Quod
774 2545 844 2603 illos
856 2547 989 2604 dicimus
1003 2545 1269 2627 voluissejacere,

157 2647 192 2704 id
199 2665 257 2706 nos
268 2647 386 2722 priores
388 2645 502 2724 facem
515 2641 758 2722 occupabimusl
1084 2635 1090 2672 ¹*

205 2745 269 2824 Qui
280 2747 437 2801 acerrime
450 2743 596 2802 advorsus
605 2761 659 2800 eos
673 2742 759 2812 dicit,
774 2745 816 2799 ita
831 2743 912 2812 dicit,
929 2739 1026 2800 bostis
1039 2743 1268 2824 voluissefieri.

161 2841 283 2924 Ecquis
296 2851 343 2898 est
354 2839 479 2896 tandem
495 2839 547 2921 qui
561 2849 748 2904 vostrorum,
766 2836 848 2918 quod
866 2836 909 2893 ad
918 2853 983 2894 sese
998 2840 1135 2920 attineat,
1150 2859 1273 2921 aequum

162 2953 297 3008 censeat,
309 2959 419 3014 panas
435 2939 511 2996 dare
525 2933 564 2996 ob
579 2955 652 2995 eam
663 2951 745 3006 rem,
762 2937 998 3020 quodarguotur
1007 2935 1206 3016 malefacere
1221 2958 1274 2998 vo·

164 3038 289 3102 luisse'l
305 3035 402 3098 Nemo
413 3042 545 3117 opinor:
558 3059 632 3096 nam
643 3057 713 3118 ego,
729 3037 811 3122 quod
821 3037 864 3096 ad
876 3057 928 3095 me
936 3040 1054 3107 attinet,
1070 3036 1179 3096 nolim.

211 3135 295 3216 Quid
312 3131 415 3194 rutncl
431 3135 540 3220 Ecqua
557 3133 679 3194 tandem
690 3134 745 3194 lex
758 3149 805 3194 est
818 3148 883 3193 tam
892 3133 1018 3208 acerba,
1039 3156 1109 3218 qute
1128 3133 1209 3194 dicat
1219 3159 1231 3192 .·
1243 3134 1280 3194 Si

163 3242 235 3323 quis
247 3231 437 3320 illudsacere
446 3235 588 3310 coluerit,
604 3235 690 3294 mille
704 3238 838 3304 nummi,
849 3235 1014 3294 dimidium
1012 3235 1154 3316 familia
1165 3234 1279 3295 mulcta

165 3351 258 3410 esto;
274 3338 303 3394 si
325 3339 394 3420 qais
411 3335 482 3414 pius
494 3338 653 3418 quingenta
657 3329 771 3416 jugera
796 3333 907 3392 babere
930 3333 1073 3408 voluerit,
1089 3349 1174 3394 tanta
1189 3355 1280 3414 puna

167 3449 245 3504 esto,
255 3446 284 3492 et
295 3435 323 3490 si
329 3436 395 3517 quis
405 3427 562 3516 mojorem
567 3449 699 3510 pecuum
710 3450 873 3490 nunterum
880 3427 995 3490 babere
1006 3431 1146 3505 voluerit,
1160 3445 1278 3490 tentum

167 3535 300 3592 damnas
313 3545 378 3591 esta
388 3528 404 3588 l
416 3531 513 3614 Atqui
526 3549 581 3589 nos
596 3533 701 3590 omnio
708 3529 798 3606 plura
811 3527 923 3588 babere
934 3529 1089 3600 volumus,
1104 3544 1135 3588 et
1149 3531 1183 3588 id
1194 3529 1281 3590 nobis

169 3637 293 3712 impune
304 3645 362 3692 est.
1107 3699 1109 3708 ,

212 3729 277 3788 Sed
290 3732 320 3787 si
334 3726 480 3788 bonorem
494 3747 554 3802 non
572 3747 692 3809 coquum
704 3741 750 3784 est
762 3721 869 3784 baberi
882 3722 1002 3784 obeam
1019 3745 1098 3795 rem,
1113 3727 1195 3810 quod
1207 3727 1284 3788 bene

164 3827 279 3906 facere
297 3825 425 3886 voltdsse
440 3828 508 3908 quis
522 3825 605 3892 dicit,
626 3841 721 3905 neque
726 3821 812 3901 fecit
826 3837 930 3880 tamen
942 3846 953 3878 .·
965 3819 1184 3884 Rhodiensibus
1202 3825 1284 3886 male

172 3933 244 4002 erit,
261 3946 321 3986 non
339 3925 421 4010 quod
431 3925 672 4004 maleficenmt,
689 3924 745 3982 sed
756 3926 830 4008 quio
849 3922 983 3982 voluisse
997 3923 1285 4006 dicuutursacere?

214 4025 404 4087 Rhodienses
425 4023 574 4103 superbos
593 4043 662 4083 esse
675 4026 772 4096 aiunt,
796 4022 829 4080 id
840 4015 1038 4101 objectantes,
1061 4023 1145 4107 quod
1158 4025 1239 4086 mibi
1257 4042 1288 4086 et

173 4120 282 4182 liberis
305 4125 382 4200 meis
402 4125 529 4180 minime
550 4121 612 4178 dici
629 4119 735 4180 velim.
754 4120 821 4179 Sint
843 4137 916 4176 sone
937 4117 1070 4195 superbi.
1093 4121 1178 4201 Quid
1195 4125 1230 4182 id
1246 4126 1289 4182 ad

172 4239 227 4278 nos
239 4223 345 4278 attinet
360 4216 377 4278 l.
397 4217 474 4277 Idne
492 4221 679 4294 irascimini,
693 4221 723 4276 si
736 4212 983 4304 quisnsuperbior
995 4227 1040 4274 est
1053 4237 1148 4300 quam
1163 4217 1245 4279 uos?

1139 4343 1176 4395 to

1353 4397 1360 4425 i
