<?xml version="1.0" encoding="UTF-8"?>
<!DOCTYPE html PUBLIC "-//W3C//DTD XHTML 1.0 Transitional//EN"
    "http://www.w3.org/TR/xhtml1/DTD/xhtml1-transitional.dtd">
<html xmlns="http://www.w3.org/1999/xhtml" xml:lang="en" lang="en">
 <head>
  <title>
</title>
<meta http-equiv="Content-Type" content="text/html;charset=utf-8" />
  <meta name='ocr-system' content='tesseract 3.04.00' />
  <meta name='ocr-capabilities' content='ocr_page ocr_carea ocr_par ocr_line ocrx_word'/>
</head>
<body>
  <div class='ocr_page' id='page_1' title='image "./oratorumromanor01meyegoog_0288.png"; bbox 0 0 3200 5344; ppageno 0'>
   <div class='ocr_carea' id='block_1_1' title="bbox 664 469 734 542">
    <p class='ocr_par' dir='ltr' id='par_1_1' title="bbox 664 469 734 542">
     <span class='ocr_line' id='line_1_1' title="bbox 664 469 734 542; baseline -0.057 0"><span class='ocrx_word' id='word_1_1' title='bbox 664 469 734 542; x_wconf 75' lang='lat'><strong>265</strong></span> 
     </span>
    </p>
   </div>
   <div class='ocr_carea' id='block_1_2' title="bbox 178 608 1250 860">
    <p class='ocr_par' dir='ltr' id='par_1_2' title="bbox 178 608 1250 860">
     <span class='ocr_line' id='line_1_2' title="bbox 178 608 1247 685; baseline 0.004 -23"><span class='ocrx_word' id='word_1_2' title='bbox 178 629 229 682; x_wconf 82' lang='lat' dir='ltr'><strong>pro</strong></span> <span class='ocrx_word' id='word_1_3' title='bbox 242 609 278 681; x_wconf 78' lang='lat' dir='ltr'><strong>Q.</strong></span> <span class='ocrx_word' id='word_1_4' title='bbox 291 609 423 683; x_wconf 73' lang='lat' dir='ltr'><strong>Cepione]</strong></span> <span class='ocrx_word' id='word_1_5' title='bbox 434 610 466 662; x_wconf 91' lang='lat' dir='ltr'><strong>C.</strong></span> <span class='ocrx_word' id='word_1_6' title='bbox 475 611 575 662; x_wconf 82' lang='lat' dir='ltr'><strong>Iunius</strong></span> <span class='ocrx_word' id='word_1_7' title='bbox 590 609 731 662; x_wconf 79' lang='lat' dir='ltr'><strong>Norbanus</strong></span> <span class='ocrx_word' id='word_1_8' title='bbox 749 608 875 662; x_wconf 86' lang='lat' dir='ltr'><strong>tribunus</strong></span> <span class='ocrx_word' id='word_1_9' title='bbox 892 608 931 679; x_wconf 82' lang='lat' dir='ltr'><strong>pt.</strong></span> <span class='ocrx_word' id='word_1_10' title='bbox 941 627 1016 685; x_wconf 76' lang='lat' dir='ltr'><strong>¹triano</strong></span> <span class='ocrx_word' id='word_1_11' title='bbox 1029 613 1061 664; x_wconf 87' lang='lat' dir='ltr'><strong>U.</strong></span> <span class='ocrx_word' id='word_1_12' title='bbox 1073 613 1135 676; x_wconf 76' lang='grc'><strong>656,</strong></span> <span class='ocrx_word' id='word_1_13' title='bbox 1148 630 1202 684; x_wconf 90' lang='lat' dir='ltr'><strong>quo</strong></span> <span class='ocrx_word' id='word_1_14' title='bbox 1216 615 1247 679; x_wconf 63' lang='lat' dir='ltr'><strong>LY</strong></span> 
     </span>
     <span class='ocr_line' id='line_1_3' title="bbox 216 695 1247 769; baseline 0.005 -20"><span class='ocrx_word' id='word_1_15' title='bbox 216 697 330 750; x_wconf 84' lang='lat' dir='ltr'><strong>Crassus</strong></span> <span class='ocrx_word' id='word_1_16' title='bbox 343 697 438 752; x_wconf 82' lang='lat' dir='ltr'><strong>eonsul</strong></span> <span class='ocrx_word' id='word_1_17' title='bbox 449 709 516 760; x_wconf 83' lang='lat' dir='ltr'><strong>emt,</strong></span> <span class='ocrx_word' id='word_1_18' title='bbox 531 699 565 766; x_wconf 85' lang='lat' dir='ltr'><strong>Q.</strong></span> <span class='ocrx_word' id='word_1_19' title='bbox 575 695 717 750; x_wconf 78' lang='lat' dir='ltr'><strong>Servilium</strong></span> <span class='ocrx_word' id='word_1_20' title='bbox 724 695 886 767; x_wconf 71' lang='lat' dir='ltr'><strong>Cepionem,</strong></span> <span class='ocrx_word' id='word_1_21' title='bbox 898 706 1030 749; x_wconf 73' lang='lat' dir='ltr'><strong>auctorem</strong></span> <span class='ocrx_word' id='word_1_22' title='bbox 1043 696 1109 769; x_wconf 73' lang='lat' dir='ltr'><strong>legis</strong></span> <span class='ocrx_word' id='word_1_23' title='bbox 1122 699 1247 764; x_wconf 68' lang='lat' dir='ltr'><strong>servitte,</strong></span> 
     </span>
     <span class='ocr_line' id='line_1_4' title="bbox 218 782 1250 860; baseline 0.004 -23"><span class='ocrx_word' id='word_1_24' title='bbox 218 782 363 856; x_wconf 82' lang='lat' dir='ltr'><strong>majestatis</strong></span> <span class='ocrx_word' id='word_1_25' title='bbox 373 803 446 838; x_wconf 89' lang='lat' dir='ltr'><strong>reum</strong></span> <span class='ocrx_word' id='word_1_26' title='bbox 457 784 529 838; x_wconf 86' lang='lat' dir='ltr'><strong>lecit.</strong></span> <span class='ocrx_word' id='word_1_27' title='bbox 539 783 663 838; x_wconf 75' lang='lat' dir='ltr'>Defendit</span> <span class='ocrx_word' id='word_1_28' title='bbox 671 801 732 836; x_wconf 86' lang='lat' dir='ltr'><strong>eum</strong></span> <span class='ocrx_word' id='word_1_29' title='bbox 742 782 840 835; x_wconf 80' lang='lat' dir='ltr'><strong>frustra</strong></span> <span class='ocrx_word' id='word_1_30' title='bbox 848 784 961 836; x_wconf 75' lang='lat' dir='ltr'>Crassus</span> <span class='ocrx_word' id='word_1_31' title='bbox 970 782 1045 838; x_wconf 89' lang='lat' dir='ltr'><strong>breri</strong></span> <span class='ocrx_word' id='word_1_32' title='bbox 1056 785 1182 850; x_wconf 87' lang='lat' dir='ltr'><strong>oratione,</strong></span> <span class='ocrx_word' id='word_1_33' title='bbox 1192 805 1250 860; x_wconf 73' lang='lat' dir='ltr'><strong>quat</strong></span> 
     </span>
    </p>
   </div>
   <div class='ocr_carea' id='block_1_3' title="bbox 214 864 1249 1024">
    <p class='ocr_par' dir='ltr' id='par_1_3' title="bbox 214 864 1249 1024">
     <span class='ocr_line' id='line_1_5' title="bbox 215 864 1249 940; baseline 0 -18"><span class='ocrx_word' id='word_1_34' title='bbox 215 881 302 922; x_wconf 81' lang='lat' dir='ltr'><strong>tamen</strong></span> <span class='ocrx_word' id='word_1_35' title='bbox 313 864 396 940; x_wconf 84' lang='lat' dir='ltr'><strong>major</strong></span> <span class='ocrx_word' id='word_1_36' title='bbox 407 881 473 931; x_wconf 86' lang='lat' dir='ltr'><strong>erut,</strong></span> <span class='ocrx_word' id='word_1_37' title='bbox 487 885 565 940; x_wconf 84' lang='lat' dir='ltr'><strong>quarn</strong></span> <span class='ocrx_word' id='word_1_38' title='bbox 579 866 744 922; x_wconf 71' lang='lat' dir='ltr'><strong>laudationes</strong></span> <span class='ocrx_word' id='word_1_39' title='bbox 757 877 816 920; x_wconf 78' lang='lat' dir='ltr'><strong>ecte</strong></span> <span class='ocrx_word' id='word_1_40' title='bbox 830 865 918 920; x_wconf 88' lang='lat' dir='ltr'><strong>solent</strong></span> <span class='ocrx_word' id='word_1_41' title='bbox 929 864 972 919; x_wconf 85' lang='lat' dir='ltr'><strong>vel</strong></span> <span class='ocrx_word' id='word_1_42' title='bbox 987 867 1249 934; x_wconf 81' lang='lat' dir='ltr'><strong>testificationes,sed</strong></span> 
     </span>
     <span class='ocr_line' id='line_1_6' title="bbox 214 949 599 1024; baseline -0.003 -21"><span class='ocrx_word' id='word_1_43' title='bbox 214 949 319 1003; x_wconf 79' lang='lat' dir='ltr'><strong>brevior</strong></span> <span class='ocrx_word' id='word_1_44' title='bbox 330 951 448 1004; x_wconf 89' lang='lat' dir='ltr'><strong>oratione</strong></span> <span class='ocrx_word' id='word_1_45' title='bbox 461 959 599 1024; x_wconf 77' lang='lat' dir='ltr'><strong>perpetua.</strong></span> 
     </span>
    </p>
   </div>
   <div class='ocr_carea' id='block_1_4' title="bbox 176 1088 1290 2087">
    <p class='ocr_par' dir='ltr' id='par_1_4' title="bbox 176 1088 1290 2087">
     <span class='ocr_line' id='line_1_7' title="bbox 176 1088 1250 1164; baseline 0.005 -21"><span class='ocrx_word' id='word_1_46' title='bbox 176 1089 294 1160; x_wconf 80' lang='lat' dir='ltr'><strong>defensio</strong></span> <span class='ocrx_word' id='word_1_47' title='bbox 298 1093 405 1164; x_wconf 79' lang='lat' dir='ltr'><strong>juncta]</strong></span> <span class='ocrx_word' id='word_1_48' title='bbox 421 1089 547 1142; x_wconf 80' lang='lat' dir='ltr'>Defensio</span> <span class='ocrx_word' id='word_1_49' title='bbox 559 1089 650 1142; x_wconf 89' lang='lat' dir='ltr'><strong>eodem</strong></span> <span class='ocrx_word' id='word_1_50' title='bbox 663 1107 744 1141; x_wconf 87' lang='lat' dir='ltr'><strong>sensu</strong></span> <span class='ocrx_word' id='word_1_51' title='bbox 757 1088 857 1142; x_wconf 88' lang='lat' dir='ltr'><strong>dieitur</strong></span> <span class='ocrx_word' id='word_1_52' title='bbox 870 1090 898 1142; x_wconf 90' lang='lat' dir='ltr'><strong>in</strong></span> <span class='ocrx_word' id='word_1_53' title='bbox 911 1090 1022 1142; x_wconf 79' lang='lat' dir='ltr'><strong>Oratore</strong></span> <span class='ocrx_word' id='word_1_54' title='bbox 1032 1090 1089 1144; x_wconf 89' lang='lat' dir='ltr'><strong>Cic.</strong></span> <span class='ocrx_word' id='word_1_55' title='bbox 1099 1111 1124 1146; x_wconf 93' lang='lat' dir='ltr'><strong>e.</strong></span> <span class='ocrx_word' id='word_1_56' title='bbox 1136 1095 1250 1148; x_wconf 69' lang='lat'><strong>³8:91.-</strong></span> 
     </span>
     <span class='ocr_line' id='line_1_8' title="bbox 214 1169 1251 1243; baseline 0.006 -21"><span class='ocrx_word' id='word_1_57' title='bbox 214 1176 314 1224; x_wconf 83' lang='lat' dir='ltr'><strong>riorum</strong></span> <span class='ocrx_word' id='word_1_58' title='bbox 326 1171 465 1224; x_wconf 75' lang='lat' dir='ltr'><em>Accusatio</em></span> <span class='ocrx_word' id='word_1_59' title='bbox 476 1170 512 1241; x_wconf 88' lang='lat' dir='ltr'><strong>(i.</strong></span> <span class='ocrx_word' id='word_1_60' title='bbox 524 1189 547 1224; x_wconf 89' lang='lat' dir='ltr'><strong>e.</strong></span> <span class='ocrx_word' id='word_1_61' title='bbox 560 1170 692 1223; x_wconf 86' lang='lat' dir='ltr'><strong>orationes</strong></span> <span class='ocrx_word' id='word_1_62' title='bbox 701 1169 831 1238; x_wconf 81' lang='lat' dir='ltr'><strong>Veninae)</strong></span> <span class='ocrx_word' id='word_1_63' title='bbox 842 1175 1016 1243; x_wconf 72' lang='lat' dir='ltr'><strong>suppeditabit</strong></span> <span class='ocrx_word' id='word_1_64' title='bbox 1026 1173 1157 1243; x_wconf 69' lang='lat' dir='ltr'><strong>exempla,</strong></span> <span class='ocrx_word' id='word_1_65' title='bbox 1165 1179 1251 1228; x_wconf 81' lang='lat' dir='ltr'><strong>mitio·</strong></span> 
     </span>
     <span class='ocr_line' id='line_1_9' title="bbox 215 1253 1290 1327; baseline 0.003 -18"><span class='ocrx_word' id='word_1_66' title='bbox 215 1274 272 1309; x_wconf 85' lang='lat' dir='ltr'><strong>rum</strong></span> <span class='ocrx_word' id='word_1_67' title='bbox 284 1257 458 1324; x_wconf 63' lang='lat' dir='ltr'><strong>essentem</strong></span> <span class='ocrx_word' id='word_1_68' title='bbox 470 1273 544 1308; x_wconf 81' lang='lat' dir='ltr'><strong>meoe.</strong></span> <span class='ocrx_word' id='word_1_69' title='bbox 559 1255 597 1308; x_wconf 74' lang='lat' dir='ltr'><strong>le</strong></span> <span class='ocrx_word' id='word_1_70' title='bbox 610 1254 721 1308; x_wconf 82' lang='lat' dir='ltr'><strong>fortasse</strong></span> <span class='ocrx_word' id='word_1_71' title='bbox 733 1253 762 1306; x_wconf 90' lang='lat' dir='ltr'><strong>in</strong></span> <span class='ocrx_word' id='word_1_72' title='bbox 775 1254 833 1312; x_wconf 86' lang='lat' dir='ltr'><strong>Cic.</strong></span> <span class='ocrx_word' id='word_1_73' title='bbox 853 1257 928 1308; x_wconf 87' lang='lat' dir='ltr'><strong>Brut.</strong></span> <span class='ocrx_word' id='word_1_74' title='bbox 944 1275 970 1308; x_wconf 90' lang='lat' dir='ltr'><strong>c.</strong></span> <span class='ocrx_word' id='word_1_75' title='bbox 980 1257 1025 1319; x_wconf 78' lang='grc'><strong>13,</strong></span> <span class='ocrx_word' id='word_1_76' title='bbox 1043 1256 1095 1312; x_wconf 76' lang='lat'><strong>256</strong></span> <span class='ocrx_word' id='word_1_77' title='bbox 1108 1256 1252 1327; x_wconf 65' lang='lat' dir='ltr'><strong>legendum</strong></span> <span class='ocrx_word' id='word_1_78' title='bbox 1281 1307 1290 1322; x_wconf 84' lang='lat'><em>,</em></span> 
     </span>
     <span class='ocr_line' id='line_1_10' title="bbox 214 1337 1252 1414; baseline 0.002 -22"><span class='ocrx_word' id='word_1_79' title='bbox 214 1351 271 1392; x_wconf 72' lang='lat' dir='ltr'><strong>ests</strong></span> <span class='ocrx_word' id='word_1_80' title='bbox 287 1340 383 1392; x_wconf 86' lang='lat' dir='ltr'><em>Malim</em></span> <span class='ocrx_word' id='word_1_81' title='bbox 401 1340 466 1392; x_wconf 83' lang='lat' dir='ltr'><strong>mibi</strong></span> <span class='ocrx_word' id='word_1_82' title='bbox 479 1339 513 1392; x_wconf 85' lang='lat' dir='ltr'><strong>L.</strong></span> <span class='ocrx_word' id='word_1_83' title='bbox 530 1338 623 1392; x_wconf 83' lang='lat' dir='ltr'><strong>Crassi</strong></span> <span class='ocrx_word' id='word_1_84' title='bbox 638 1356 719 1391; x_wconf 84' lang='lat' dir='ltr'><strong>unam</strong></span> <span class='ocrx_word' id='word_1_85' title='bbox 731 1357 782 1410; x_wconf 82' lang='lat' dir='ltr'><strong>pro</strong></span> <span class='ocrx_word' id='word_1_86' title='bbox 800 1337 858 1390; x_wconf 70' lang='lat' dir='ltr'><strong>M&#39;.</strong></span> <span class='ocrx_word' id='word_1_87' title='bbox 877 1339 959 1393; x_wconf 82' lang='lat' dir='ltr'><strong>Curio</strong></span> <span class='ocrx_word' id='word_1_88' title='bbox 977 1339 1152 1409; x_wconf 78' lang='lat' dir='ltr'><em>defensionem</em></span> <span class='ocrx_word' id='word_1_89' title='bbox 1169 1362 1252 1414; x_wconf 85' lang='lat' dir='ltr'><strong>quam</strong></span> 
     </span>
     <span class='ocr_line' id='line_1_11' title="bbox 214 1427 1248 1500; baseline 0.003 -20"><span class='ocrx_word' id='word_1_90' title='bbox 214 1427 368 1481; x_wconf 81' lang='lat' dir='ltr'><strong>castellanos</strong></span> <span class='ocrx_word' id='word_1_91' title='bbox 384 1427 528 1500; x_wconf 80' lang='lat' dir='ltr'><strong>triumphos</strong></span> <span class='ocrx_word' id='word_1_92' title='bbox 543 1429 608 1491; x_wconf 84' lang='lat' dir='ltr'><strong>dno,</strong></span> <span class='ocrx_word' id='word_1_93' title='bbox 626 1445 675 1498; x_wconf 92' lang='lat' dir='ltr'><strong>pro</strong></span> <span class='ocrx_word' id='word_1_94' title='bbox 691 1429 840 1481; x_wconf 81' lang='lat' dir='ltr'><strong>dictionem.</strong></span> <span class='ocrx_word' id='word_1_95' title='bbox 858 1427 922 1480; x_wconf 87' lang='lat' dir='ltr'><strong>Vid.</strong></span> <span class='ocrx_word' id='word_1_96' title='bbox 941 1427 1078 1480; x_wconf 63' lang='lat' dir='ltr'><strong>addenda.</strong></span> <span class='ocrx_word' id='word_1_97' title='bbox 1092 1429 1157 1494; x_wconf 78' lang='lat' dir='ltr'><strong>[uhi</strong></span> <span class='ocrx_word' id='word_1_98' title='bbox 1175 1429 1248 1483; x_wconf 74' lang='lat' dir='ltr'><strong>lutee:</strong></span> 
     </span>
     <span class='ocr_line' id='line_1_12' title="bbox 211 1508 1252 1582; baseline 0.007 -23"><span class='ocrx_word' id='word_1_99' title='bbox 211 1511 337 1563; x_wconf 73' lang='lat' dir='ltr'><strong>«Testem</strong></span> <span class='ocrx_word' id='word_1_100' title='bbox 354 1509 436 1582; x_wconf 86' lang='lat' dir='ltr'><strong>hujus</strong></span> <span class='ocrx_word' id='word_1_101' title='bbox 453 1509 648 1564; x_wconf 79' lang='lat' dir='ltr'><strong>emendationis</strong></span> <span class='ocrx_word' id='word_1_102' title='bbox 668 1508 838 1564; x_wconf 86' lang='lat' dir='ltr'><strong>luculentum</strong></span> <span class='ocrx_word' id='word_1_103' title='bbox 855 1511 999 1582; x_wconf 77' lang='lat' dir='ltr'><strong>proferam,</strong></span> <span class='ocrx_word' id='word_1_104' title='bbox 1014 1511 1190 1576; x_wconf 74' lang='lat' dir='ltr'><strong>Frontonem,</strong></span> <span class='ocrx_word' id='word_1_105' title='bbox 1204 1513 1252 1582; x_wconf 88' lang='lat' dir='ltr'><strong>qui</strong></span> 
     </span>
     <span class='ocr_line' id='line_1_13' title="bbox 215 1593 1250 1666; baseline 0.002 -20"><span class='ocrx_word' id='word_1_106' title='bbox 215 1594 359 1646; x_wconf 81' lang='lat' dir='ltr'><strong>orationem</strong></span> <span class='ocrx_word' id='word_1_107' title='bbox 372 1595 454 1648; x_wconf 70' lang='lat' dir='ltr'><strong>Marci</strong></span> <span class='ocrx_word' id='word_1_108' title='bbox 464 1593 594 1647; x_wconf 77' lang='lat' dir='ltr'><strong>Antonini</strong></span> <span class='ocrx_word' id='word_1_109' title='bbox 607 1593 750 1646; x_wconf 86' lang='lat' dir='ltr'><strong>emendans</strong></span> <span class='ocrx_word' id='word_1_110' title='bbox 765 1593 790 1645; x_wconf 87' lang='lat' dir='ltr'><strong>ei</strong></span> <span class='ocrx_word' id='word_1_111' title='bbox 803 1594 859 1646; x_wconf 77' lang='lat' dir='ltr'><strong>ltaec</strong></span> <span class='ocrx_word' id='word_1_112' title='bbox 872 1593 980 1666; x_wconf 86' lang='lat' dir='ltr'><strong>scripsit</strong></span> <span class='ocrx_word' id='word_1_113' title='bbox 992 1595 1038 1664; x_wconf 84' lang='lat' dir='ltr'><strong>(V,</strong></span> <span class='ocrx_word' id='word_1_114' title='bbox 1051 1594 1094 1662; x_wconf 77' lang='lat'><strong>3)=</strong></span> <span class='ocrx_word' id='word_1_115' title='bbox 1109 1594 1250 1648; x_wconf 72' lang='lat' dir='ltr'><strong>Miserere:</strong></span> 
     </span>
     <span class='ocr_line' id='line_1_14' title="bbox 215 1679 1250 1754; baseline 0.002 -22"><span class='ocrx_word' id='word_1_116' title='bbox 215 1699 296 1732; x_wconf 83' lang='lat' dir='ltr'><strong>unum</strong></span> <span class='ocrx_word' id='word_1_117' title='bbox 313 1683 423 1734; x_wconf 79' lang='lat' dir='ltr'><strong>uerbum</strong></span> <span class='ocrx_word' id='word_1_118' title='bbox 442 1683 475 1733; x_wconf 84' lang='lat' dir='ltr'><strong>de</strong></span> <span class='ocrx_word' id='word_1_119' title='bbox 492 1684 610 1733; x_wconf 70' lang='lat' dir='ltr'><strong>ornnem</strong></span> <span class='ocrx_word' id='word_1_120' title='bbox 627 1679 737 1750; x_wconf 77' lang='lat' dir='ltr'><strong>ablega,</strong></span> <span class='ocrx_word' id='word_1_121' title='bbox 753 1692 781 1732; x_wconf 81' lang='lat' dir='ltr'><strong>et</strong></span> <span class='ocrx_word' id='word_1_122' title='bbox 796 1697 898 1752; x_wconf 68' lang='lat' dir='ltr'><strong>queso,</strong></span> <span class='ocrx_word' id='word_1_123' title='bbox 920 1699 953 1734; x_wconf 81' lang='lat' dir='ltr'><strong>ne</strong></span> <span class='ocrx_word' id='word_1_124' title='bbox 971 1697 1088 1754; x_wconf 70' lang='lat' dir='ltr'><strong>unquam</strong></span> <span class='ocrx_word' id='word_1_125' title='bbox 1106 1701 1136 1734; x_wconf 82' lang='lat' dir='ltr'><strong>eo</strong></span> <span class='ocrx_word' id='word_1_126' title='bbox 1152 1685 1250 1747; x_wconf 78' lang='lat' dir='ltr'><strong>uteris,</strong></span> 
     </span>
     <span class='ocr_line' id='line_1_15' title="bbox 213 1761 1251 1834; baseline 0.003 -20"><span class='ocrx_word' id='word_1_127' title='bbox 213 1761 356 1816; x_wconf 84' lang='lat' dir='ltr'><strong>dictionem</strong></span> <span class='ocrx_word' id='word_1_128' title='bbox 365 1782 416 1834; x_wconf 83' lang='lat' dir='ltr'><strong>pro</strong></span> <span class='ocrx_word' id='word_1_129' title='bbox 429 1762 558 1814; x_wconf 88' lang='lat' dir='ltr'><strong>oratioue.</strong></span> <span class='ocrx_word' id='word_1_130' title='bbox 571 1763 604 1818; x_wconf 88' lang='lat' dir='ltr'><em>V</em></span> <span class='ocrx_word' id='word_1_131' title='bbox 600 1763 651 1815; x_wconf 78' lang='lat' dir='ltr'><strong>ale.</strong></span> <span class='ocrx_word' id='word_1_132' title='bbox 662 1767 687 1829; x_wconf 74' lang='lat' dir='ltr'><strong>u]</strong></span> <span class='ocrx_word' id='word_1_133' title='bbox 701 1763 801 1814; x_wconf 81' lang='lat' dir='ltr'><strong>Juneta</strong></span> <span class='ocrx_word' id='word_1_134' title='bbox 815 1762 948 1834; x_wconf 78' lang='lat' dir='ltr'><strong>signifieat</strong></span> <span class='ocrx_word' id='word_1_135' title='bbox 959 1765 1038 1818; x_wconf 80' lang='lat' dir='ltr'><strong>sr&#39;ntul</strong></span> <span class='ocrx_word' id='word_1_136' title='bbox 1049 1767 1122 1818; x_wconf 84' lang='lat' dir='ltr'><strong>edita</strong></span> <span class='ocrx_word' id='word_1_137' title='bbox 1135 1783 1196 1818; x_wconf 89' lang='lat' dir='ltr'><strong>eum</strong></span> <span class='ocrx_word' id='word_1_138' title='bbox 1210 1765 1251 1818; x_wconf 82' lang='lat' dir='ltr'><strong>el-</strong></span> 
     </span>
     <span class='ocr_line' id='line_1_16' title="bbox 214 1847 1249 1920; baseline 0.008 -22"><span class='ocrx_word' id='word_1_139' title='bbox 214 1859 270 1899; x_wconf 86' lang='lat' dir='ltr'><strong>tera</strong></span> <span class='ocrx_word' id='word_1_140' title='bbox 285 1848 478 1920; x_wconf 61' lang='lat' dir='ltr'><strong>Cepioniaues</strong></span> <span class='ocrx_word' id='word_1_141' title='bbox 488 1847 521 1900; x_wconf 90' lang='lat' dir='ltr'><strong>de</strong></span> <span class='ocrx_word' id='word_1_142' title='bbox 539 1865 592 1918; x_wconf 88' lang='lat' dir='ltr'><strong>qua</strong></span> <span class='ocrx_word' id='word_1_143' title='bbox 609 1847 687 1900; x_wconf 92' lang='lat' dir='ltr'><strong>modo</strong></span> <span class='ocrx_word' id='word_1_144' title='bbox 704 1847 829 1900; x_wconf 79' lang='lat' dir='ltr'><strong>diximus.</strong></span> <span class='ocrx_word' id='word_1_145' title='bbox 845 1847 944 1914; x_wconf 84' lang='lat' dir='ltr'><strong>[Godd.</strong></span> <span class='ocrx_word' id='word_1_146' title='bbox 965 1861 993 1902; x_wconf 91' lang='lat' dir='ltr'><strong>et</strong></span> <span class='ocrx_word' id='word_1_147' title='bbox 1009 1849 1071 1907; x_wconf 87' lang='lat' dir='ltr'><strong>edd.</strong></span> <span class='ocrx_word' id='word_1_148' title='bbox 1089 1851 1249 1918; x_wconf 71' lang='lat' dir='ltr'><strong>defensione.</strong></span> 
     </span>
     <span class='ocr_line' id='line_1_17' title="bbox 214 1928 1253 2006; baseline 0.008 -26"><span class='ocrx_word' id='word_1_149' title='bbox 214 1929 334 1984; x_wconf 83' lang='lat' dir='ltr'><strong>Ellendt.</strong></span> <span class='ocrx_word' id='word_1_150' title='bbox 353 1929 427 1982; x_wconf 88' lang='lat' dir='ltr'><strong>adh.</strong></span> <span class='ocrx_word' id='word_1_151' title='bbox 447 1929 468 1982; x_wconf 94' lang='lat' dir='ltr'><strong>l.</strong></span> <span class='ocrx_word' id='word_1_152' title='bbox 481 1931 518 2002; x_wconf 90' lang='lat'><strong>().</strong></span> <span class='ocrx_word' id='word_1_153' title='bbox 530 1929 662 2000; x_wconf 81' lang='lat' dir='ltr'><strong>Coepicnis</strong></span> <span class='ocrx_word' id='word_1_154' title='bbox 673 1928 815 2001; x_wconf 82' lang='lat' dir='ltr'><strong>legendum</strong></span> <span class='ocrx_word' id='word_1_155' title='bbox 829 1932 963 2002; x_wconf 80' lang='lat' dir='ltr'><strong>proponit,</strong></span> <span class='ocrx_word' id='word_1_156' title='bbox 978 1931 1022 1984; x_wconf 80' lang='lat' dir='ltr'><strong>vel</strong></span> <span class='ocrx_word' id='word_1_157' title='bbox 1034 1932 1084 1985; x_wconf 89' lang='lat' dir='ltr'><strong>hoe</strong></span> <span class='ocrx_word' id='word_1_158' title='bbox 1097 1951 1193 1986; x_wconf 87' lang='lat' dir='ltr'><strong>nomen</strong></span> <span class='ocrx_word' id='word_1_159' title='bbox 1205 1933 1253 2006; x_wconf 86' lang='lat' dir='ltr'><strong>eji-</strong></span> 
     </span>
     <span class='ocr_line' id='line_1_18' title="bbox 214 2012 1250 2087; baseline 0.006 -23"><span class='ocrx_word' id='word_1_160' title='bbox 214 2012 347 2066; x_wconf 79' lang='lat' dir='ltr'><strong>ciendum.</strong></span> <span class='ocrx_word' id='word_1_161' title='bbox 365 2015 494 2065; x_wconf 74' lang='lat' dir='ltr'><strong>Neutrum</strong></span> <span class='ocrx_word' id='word_1_162' title='bbox 506 2013 635 2066; x_wconf 82' lang='lat' dir='ltr'><strong>rationem</strong></span> <span class='ocrx_word' id='word_1_163' title='bbox 648 2013 743 2086; x_wconf 86' lang='lat' dir='ltr'><strong>probat</strong></span> <span class='ocrx_word' id='word_1_164' title='bbox 756 2025 835 2066; x_wconf 83' lang='lat' dir='ltr'><strong>tenax</strong></span> <span class='ocrx_word' id='word_1_165' title='bbox 848 2013 961 2085; x_wconf 76' lang='lat' dir='ltr'><strong>vulgate.</strong></span> <span class='ocrx_word' id='word_1_166' title='bbox 970 2017 1114 2071; x_wconf 87' lang='lat' dir='ltr'><strong>Westenn.</strong></span> <span class='ocrx_word' id='word_1_167' title='bbox 1131 2035 1159 2087; x_wconf 87' lang='lat' dir='ltr'><strong>p.</strong></span> <span class='ocrx_word' id='word_1_168' title='bbox 1178 2018 1250 2085; x_wconf 80' lang='grc'><strong>116]</strong></span> 
     </span>
    </p>
   </div>
   <div class='ocr_carea' id='block_1_5' title="bbox 273 2201 1044 2271">
    <p class='ocr_par' dir='ltr' id='par_1_5' title="bbox 273 2201 1044 2271">
     <span class='ocr_line' id='line_1_19' title="bbox 273 2201 1044 2271; baseline 0.001 -3"><span class='ocrx_word' id='word_1_169' title='bbox 273 2201 275 2208; x_wconf 68' lang='lat'>&#39;</span> <span class='ocrx_word' id='word_1_170' title='bbox 348 2205 380 2270; x_wconf 88' lang='grc'><strong>6.</strong></span> <span class='ocrx_word' id='word_1_171' title='bbox 405 2226 515 2270; x_wconf 74' lang='lat' dir='ltr'><strong>onsrro</strong></span> <span class='ocrx_word' id='word_1_172' title='bbox 530 2225 671 2270; x_wconf 79' lang='lat' dir='ltr'><strong>cnusoms</strong></span> <span class='ocrx_word' id='word_1_173' title='bbox 687 2225 803 2270; x_wconf 73' lang='lat' dir='ltr'><strong>cournt</strong></span> <span class='ocrx_word' id='word_1_174' title='bbox 818 2227 866 2270; x_wconf 86' lang='lat' dir='ltr'><strong>cn.</strong></span> <span class='ocrx_word' id='word_1_175' title='bbox 880 2227 1044 2271; x_wconf 75' lang='lat' dir='ltr'><strong>notemus.</strong></span> 
     </span>
    </p>
   </div>
   <div class='ocr_carea' id='block_1_6' title="bbox 138 2413 1339 4273">
    <p class='ocr_par' dir='ltr' id='par_1_6' title="bbox 140 2413 1250 2884">
     <span class='ocr_line' id='line_1_20' title="bbox 183 2413 1248 2502; baseline 0.008 -24"><span class='ocrx_word' id='word_1_176' title='bbox 183 2413 251 2478; x_wconf 87' lang='lat' dir='ltr'><strong>Cio.</strong></span> <span class='ocrx_word' id='word_1_177' title='bbox 273 2415 362 2476; x_wconf 86' lang='lat' dir='ltr'><strong>Brut.</strong></span> <span class='ocrx_word' id='word_1_178' title='bbox 382 2435 413 2477; x_wconf 88' lang='lat' dir='ltr'><strong>c.</strong></span> <span class='ocrx_word' id='word_1_179' title='bbox 433 2415 485 2492; x_wconf 87' lang='grc'><strong>44,</strong></span> <span class='ocrx_word' id='word_1_180' title='bbox 506 2414 587 2476; x_wconf 80' lang='lat'><strong>164:</strong></span> <span class='ocrx_word' id='word_1_181' title='bbox 609 2413 772 2478; x_wconf 89' lang='lat' dir='ltr'><strong>Postrema</strong></span> <span class='ocrx_word' id='word_1_182' title='bbox 787 2415 928 2480; x_wconf 88' lang='lat' dir='ltr'><strong>censoria</strong></span> <span class='ocrx_word' id='word_1_183' title='bbox 942 2419 1058 2493; x_wconf 81' lang='lat' dir='ltr'><strong>oratio,</strong></span> <span class='ocrx_word' id='word_1_184' title='bbox 1084 2439 1144 2502; x_wconf 89' lang='lat' dir='ltr'><strong>qua</strong></span> <span class='ocrx_word' id='word_1_185' title='bbox 1164 2441 1248 2488; x_wconf 88' lang='lat' dir='ltr'><strong>anno</strong></span> 
     </span>
     <span class='ocr_line' id='line_1_21' title="bbox 140 2511 1247 2596; baseline 0.008 -23"><span class='ocrx_word' id='word_1_186' title='bbox 140 2523 251 2574; x_wconf 81' lang='lat' dir='ltr'><strong>octavo</strong></span> <span class='ocrx_word' id='word_1_187' title='bbox 266 2523 299 2575; x_wconf 89' lang='lat' dir='ltr'><strong>et</strong></span> <span class='ocrx_word' id='word_1_188' title='bbox 312 2511 546 2594; x_wconf 78' lang='lat' dir='ltr'><strong>quadragesimo</strong></span> <span class='ocrx_word' id='word_1_189' title='bbox 560 2531 634 2574; x_wconf 88' lang='lat' dir='ltr'><strong>usus</strong></span> <span class='ocrx_word' id='word_1_190' title='bbox 647 2524 750 2573; x_wconf 71' lang='lat' dir='ltr'><strong>eso...</strong></span> <span class='ocrx_word' id='word_1_191' title='bbox 760 2513 830 2596; x_wconf 84' lang='lat' dir='ltr'><strong>Ipsa</strong></span> <span class='ocrx_word' id='word_1_192' title='bbox 842 2511 896 2575; x_wconf 90' lang='lat' dir='ltr'><strong>illa</strong></span> <span class='ocrx_word' id='word_1_193' title='bbox 907 2511 1052 2578; x_wconf 89' lang='lat' dir='ltr'><strong>censoria</strong></span> <span class='ocrx_word' id='word_1_194' title='bbox 1063 2529 1175 2582; x_wconf 87' lang='lat' dir='ltr'><strong>contra</strong></span> <span class='ocrx_word' id='word_1_195' title='bbox 1185 2519 1247 2584; x_wconf 91' lang='lat' dir='ltr'><strong>Cn.</strong></span> 
     </span>
     <span class='ocr_line' id='line_1_22' title="bbox 140 2605 1250 2694; baseline 0.008 -25"><span class='ocrx_word' id='word_1_196' title='bbox 140 2605 312 2672; x_wconf 89' lang='lat' dir='ltr'><strong>Domitium</strong></span> <span class='ocrx_word' id='word_1_197' title='bbox 332 2607 482 2688; x_wconf 83' lang='lat' dir='ltr'><strong>collegam</strong></span> <span class='ocrx_word' id='word_1_198' title='bbox 504 2629 566 2669; x_wconf 86' lang='lat' dir='ltr'><strong>non</strong></span> <span class='ocrx_word' id='word_1_199' title='bbox 586 2624 632 2668; x_wconf 84' lang='lat' dir='ltr'><strong>est</strong></span> <span class='ocrx_word' id='word_1_200' title='bbox 651 2613 768 2682; x_wconf 82' lang='lat' dir='ltr'><strong>oratio,</strong></span> <span class='ocrx_word' id='word_1_201' title='bbox 791 2609 846 2668; x_wconf 88' lang='lat' dir='ltr'><strong>sed</strong></span> <span class='ocrx_word' id='word_1_202' title='bbox 863 2613 953 2694; x_wconf 82' lang='lat' dir='ltr'><strong>quasi</strong></span> <span class='ocrx_word' id='word_1_203' title='bbox 971 2615 1073 2690; x_wconf 82' lang='lat' dir='ltr'><strong>capita</strong></span> <span class='ocrx_word' id='word_1_204' title='bbox 1095 2631 1199 2675; x_wconf 84' lang='lat' dir='ltr'><strong>rerum</strong></span> <span class='ocrx_word' id='word_1_205' title='bbox 1220 2634 1250 2678; x_wconf 82' lang='lat' dir='ltr'><strong>et</strong></span> 
     </span>
     <span class='ocr_line' id='line_1_23' title="bbox 141 2705 1249 2784; baseline 0.012 -20"><span class='ocrx_word' id='word_1_206' title='bbox 141 2709 292 2766; x_wconf 81' lang='lat' dir='ltr'><strong>oren‘om‘s</strong></span> <span class='ocrx_word' id='word_1_207' title='bbox 302 2710 558 2766; x_wconf 82' lang='lat' dir='ltr'><strong>commentarium</strong></span> <span class='ocrx_word' id='word_1_208' title='bbox 571 2705 673 2782; x_wconf 80' lang='lat' dir='ltr'><strong>paullo</strong></span> <span class='ocrx_word' id='word_1_209' title='bbox 687 2705 818 2784; x_wconf 82' lang='lat' dir='ltr'><strong>plenius.</strong></span> <span class='ocrx_word' id='word_1_210' title='bbox 832 2705 982 2769; x_wconf 79' lang='lat' dir='ltr'><strong>Nullaeot</strong></span> <span class='ocrx_word' id='word_1_211' title='bbox 991 2709 1075 2770; x_wconf 88' lang='lat' dir='ltr'><strong>enim</strong></span> <span class='ocrx_word' id='word_1_212' title='bbox 1084 2709 1249 2777; x_wconf 81' lang='lat' dir='ltr'><strong>altercatio</strong></span> 
     </span>
     <span class='ocr_line' id='line_1_24' title="bbox 141 2799 792 2884; baseline -0.003 -20"><span class='ocrx_word' id='word_1_213' title='bbox 141 2801 331 2865; x_wconf 87' lang='lat' dir='ltr'><strong>clamoribus</strong></span> <span class='ocrx_word' id='word_1_214' title='bbox 344 2821 478 2884; x_wconf 85' lang='lat' dir='ltr'><strong>unquam</strong></span> <span class='ocrx_word' id='word_1_215' title='bbox 491 2803 600 2864; x_wconf 83' lang='lat' dir='ltr'><strong>habita</strong></span> <span class='ocrx_word' id='word_1_216' title='bbox 610 2799 792 2884; x_wconf 84' lang='lat' dir='ltr'><strong>majoribus.</strong></span> 
     </span>
    </p>

    <p class='ocr_par' dir='ltr' id='par_1_7' title="bbox 138 2896 1250 3280">
     <span class='ocr_line' id='line_1_25' title="bbox 186 2896 1250 2975; baseline 0.009 -15"><span class='ocrx_word' id='word_1_217' title='bbox 186 2896 268 2961; x_wconf 87' lang='lat' dir='ltr'><strong>Ibid.</strong></span> <span class='ocrx_word' id='word_1_218' title='bbox 287 2901 335 2961; x_wconf 88' lang='lat' dir='ltr'><strong>De</strong></span> <span class='ocrx_word' id='word_1_219' title='bbox 353 2912 435 2962; x_wconf 90' lang='lat' dir='ltr'><strong>orat.</strong></span> <span class='ocrx_word' id='word_1_220' title='bbox 448 2901 491 2975; x_wconf 92' lang='lat' dir='ltr'><strong>II,</strong></span> <span class='ocrx_word' id='word_1_221' title='bbox 505 2899 558 2973; x_wconf 84' lang='grc'><strong>56,</strong></span> <span class='ocrx_word' id='word_1_222' title='bbox 575 2897 655 2960; x_wconf 74' lang='lat'><strong>227:</strong></span> <span class='ocrx_word' id='word_1_223' title='bbox 679 2897 793 2960; x_wconf 86' lang='lat' dir='ltr'><strong>Faceta</strong></span> <span class='ocrx_word' id='word_1_224' title='bbox 813 2911 845 2960; x_wconf 89' lang='lat' dir='ltr'><strong>et</strong></span> <span class='ocrx_word' id='word_1_225' title='bbox 865 2897 987 2960; x_wconf 89' lang='lat' dir='ltr'><strong>urbana</strong></span> <span class='ocrx_word' id='word_1_226' title='bbox 1006 2899 1250 2970; x_wconf 82' lang='lat' dir='ltr'><strong>innumerabilia</strong></span> 
     </span>
     <span class='ocr_line' id='line_1_26' title="bbox 138 2993 1248 3084; baseline 0.008 -27"><span class='ocrx_word' id='word_1_227' title='bbox 138 3017 182 3058; x_wconf 85' lang='lat' dir='ltr'><strong>ex</strong></span> <span class='ocrx_word' id='word_1_228' title='bbox 194 2993 419 3060; x_wconf 77' lang='lat' dir='ltr'><strong>ona&#39;concione</strong></span> <span class='ocrx_word' id='word_1_229' title='bbox 430 2993 627 3060; x_wconf 87' lang='lat' dir='ltr'><strong>meministis.</strong></span> <span class='ocrx_word' id='word_1_230' title='bbox 644 2995 710 3059; x_wconf 85' lang='lat' dir='ltr'><strong>Nec</strong></span> <span class='ocrx_word' id='word_1_231' title='bbox 726 2995 809 3058; x_wconf 89' lang='lat' dir='ltr'><strong>enim</strong></span> <span class='ocrx_word' id='word_1_232' title='bbox 824 2996 984 3058; x_wconf 85' lang='lat' dir='ltr'><strong>contentio</strong></span> <span class='ocrx_word' id='word_1_233' title='bbox 999 2996 1099 3080; x_wconf 86' lang='lat' dir='ltr'><strong>major</strong></span> <span class='ocrx_word' id='word_1_234' title='bbox 1111 3019 1248 3084; x_wconf 80' lang='lat' dir='ltr'><strong>unqnam</strong></span> 
     </span>
     <span class='ocr_line' id='line_1_27' title="bbox 139 3090 1248 3181; baseline 0.007 -27"><span class='ocrx_word' id='word_1_235' title='bbox 139 3094 211 3170; x_wconf 85' lang='lat' dir='ltr'><strong>luit,</strong></span> <span class='ocrx_word' id='word_1_236' title='bbox 222 3115 281 3156; x_wconf 90' lang='lat' dir='ltr'><strong>nec</strong></span> <span class='ocrx_word' id='word_1_237' title='bbox 291 3095 370 3178; x_wconf 85' lang='lat' dir='ltr'><strong>apud</strong></span> <span class='ocrx_word' id='word_1_238' title='bbox 379 3094 523 3178; x_wconf 88' lang='lat' dir='ltr'><strong>populum</strong></span> <span class='ocrx_word' id='word_1_239' title='bbox 532 3093 659 3174; x_wconf 83' lang='lat' dir='ltr'><strong>gravior</strong></span> <span class='ocrx_word' id='word_1_240' title='bbox 668 3097 772 3154; x_wconf 82' lang='lat' dir='ltr'><strong>oratio</strong></span> <span class='ocrx_word' id='word_1_241' title='bbox 783 3105 876 3174; x_wconf 87' lang='lat' dir='ltr'><strong>quam</strong></span> <span class='ocrx_word' id='word_1_242' title='bbox 883 3090 972 3176; x_wconf 73' lang='lat' dir='ltr'><strong>lustjus</strong></span> <span class='ocrx_word' id='word_1_243' title='bbox 981 3110 1087 3155; x_wconf 83' lang='lat' dir='ltr'><strong>contra</strong></span> <span class='ocrx_word' id='word_1_244' title='bbox 1096 3099 1248 3181; x_wconf 80' lang='lat' dir='ltr'><strong>collegam</strong></span> 
     </span>
     <span class='ocr_line' id='line_1_28' title="bbox 142 3193 1066 3280; baseline 0.004 -26"><span class='ocrx_word' id='word_1_245' title='bbox 142 3201 175 3256; x_wconf 84' lang='lat' dir='ltr'><strong>in</strong></span> <span class='ocrx_word' id='word_1_246' title='bbox 188 3215 315 3256; x_wconf 80' lang='lat' dir='ltr'><strong>censura</strong></span> <span class='ocrx_word' id='word_1_247' title='bbox 327 3213 438 3278; x_wconf 83' lang='lat' dir='ltr'><strong>nuper,</strong></span> <span class='ocrx_word' id='word_1_248' title='bbox 452 3214 550 3276; x_wconf 88' lang='lat' dir='ltr'><strong>neque</strong></span> <span class='ocrx_word' id='word_1_249' title='bbox 561 3195 668 3280; x_wconf 85' lang='lat' dir='ltr'><strong>lepore</strong></span> <span class='ocrx_word' id='word_1_250' title='bbox 678 3209 709 3258; x_wconf 87' lang='lat' dir='ltr'><strong>et</strong></span> <span class='ocrx_word' id='word_1_251' title='bbox 718 3193 888 3258; x_wconf 76' lang='lat' dir='ltr'><strong>festivitate</strong></span> <span class='ocrx_word' id='word_1_252' title='bbox 901 3195 1066 3260; x_wconf 90' lang='lat' dir='ltr'><strong>conditior.</strong></span> 
     </span>
    </p>

    <p class='ocr_par' dir='ltr' id='par_1_8' title="bbox 140 3289 1339 3880">
     <span class='ocr_line' id='line_1_29' title="bbox 185 3289 1246 3375; baseline 0.008 -20"><span class='ocrx_word' id='word_1_253' title='bbox 185 3291 269 3356; x_wconf 90' lang='lat' dir='ltr'><strong>Pliu.</strong></span> <span class='ocrx_word' id='word_1_254' title='bbox 282 3293 361 3354; x_wconf 88' lang='lat' dir='ltr'><strong>Hist.</strong></span> <span class='ocrx_word' id='word_1_255' title='bbox 376 3293 446 3355; x_wconf 86' lang='lat' dir='ltr'><strong>Nat.</strong></span> <span class='ocrx_word' id='word_1_256' title='bbox 459 3295 562 3370; x_wconf 85' lang='lat' dir='ltr'><strong>xvtt,</strong></span> <span class='ocrx_word' id='word_1_257' title='bbox 576 3294 610 3355; x_wconf 77' lang='lat'><strong>12</strong></span> <span class='ocrx_word' id='word_1_258' title='bbox 624 3289 893 3358; x_wconf 72' lang='lat' dir='ltr'><strong>Nobilissimorum</strong></span> <span class='ocrx_word' id='word_1_259' title='bbox 906 3297 1045 3375; x_wconf 84' lang='lat' dir='ltr'><strong>gentium</strong></span> <span class='ocrx_word' id='word_1_260' title='bbox 1057 3297 1148 3360; x_wconf 88' lang='lat' dir='ltr'><strong>ambo</strong></span> <span class='ocrx_word' id='word_1_261' title='bbox 1157 3297 1246 3363; x_wconf 86' lang='lat' dir='ltr'><strong>Cras·</strong></span> 
     </span>
     <span class='ocr_line' id='line_1_30' title="bbox 140 3391 1339 3518; baseline 0.005 -62"><span class='ocrx_word' id='word_1_262' title='bbox 140 3415 194 3456; x_wconf 86' lang='lat' dir='ltr'><strong>sus</strong></span> <span class='ocrx_word' id='word_1_263' title='bbox 209 3406 301 3476; x_wconf 88' lang='lat' dir='ltr'><strong>atque</strong></span> <span class='ocrx_word' id='word_1_264' title='bbox 314 3391 469 3456; x_wconf 88' lang='lat' dir='ltr'><strong>Domitius</strong></span> <span class='ocrx_word' id='word_1_265' title='bbox 481 3414 645 3458; x_wconf 86' lang='lat' dir='ltr'><strong>censuram</strong></span> <span class='ocrx_word' id='word_1_266' title='bbox 665 3407 735 3478; x_wconf 88' lang='lat' dir='ltr'><strong>post</strong></span> <span class='ocrx_word' id='word_1_267' title='bbox 757 3396 950 3462; x_wconf 87' lang='lat' dir='ltr'><strong>consulatum</strong></span> <span class='ocrx_word' id='word_1_268' title='bbox 972 3397 1064 3458; x_wconf 89' lang='lat' dir='ltr'><strong>simul</strong></span> <span class='ocrx_word' id='word_1_269' title='bbox 1084 3415 1247 3478; x_wconf 83' lang='lat' dir='ltr'><strong>gesserunt</strong></span> <span class='ocrx_word' id='word_1_270' title='bbox 1275 3437 1339 3518; x_wconf 64' lang='lat'><strong>15¹</strong></span> 
     </span>
     <span class='ocr_line' id='line_1_31' title="bbox 142 3491 1245 3576; baseline 0.006 -22"><span class='ocrx_word' id='word_1_271' title='bbox 142 3510 227 3554; x_wconf 91' lang='lat' dir='ltr'><strong>anno</strong></span> <span class='ocrx_word' id='word_1_272' title='bbox 238 3493 280 3558; x_wconf 91' lang='lat' dir='ltr'><strong>U.</strong></span> <span class='ocrx_word' id='word_1_273' title='bbox 293 3491 350 3554; x_wconf 88' lang='grc'><strong>661</strong></span> <span class='ocrx_word' id='word_1_274' title='bbox 364 3491 556 3574; x_wconf 79' lang='lat' dir='ltr'><strong>frequentem</strong></span> <span class='ocrx_word' id='word_1_275' title='bbox 564 3492 675 3574; x_wconf 81' lang='lat' dir='ltr'><strong>jurgiis</strong></span> <span class='ocrx_word' id='word_1_276' title='bbox 684 3504 812 3576; x_wconf 87' lang='lat' dir='ltr'><strong>propter</strong></span> <span class='ocrx_word' id='word_1_277' title='bbox 822 3493 1104 3556; x_wconf 88' lang='lat' dir='ltr'><strong>dissimilitudinem</strong></span> <span class='ocrx_word' id='word_1_278' title='bbox 1113 3517 1245 3561; x_wconf 89' lang='lat' dir='ltr'><strong>morum.</strong></span> 
     </span>
     <span class='ocr_line' id='line_1_32' title="bbox 141 3587 1244 3674; baseline 0.008 -25"><span class='ocrx_word' id='word_1_279' title='bbox 141 3626 177 3634; x_wconf 98' lang='lat'><em>-</em></span> <span class='ocrx_word' id='word_1_280' title='bbox 197 3591 236 3649; x_wconf 92' lang='lat' dir='ltr'><strong>In</strong></span> <span class='ocrx_word' id='word_1_281' title='bbox 251 3591 360 3651; x_wconf 88' lang='lat' dir='ltr'><strong>eodem</strong></span> <span class='ocrx_word' id='word_1_282' title='bbox 374 3590 441 3652; x_wconf 91' lang='lat' dir='ltr'><strong>loeo</strong></span> <span class='ocrx_word' id='word_1_283' title='bbox 453 3587 592 3674; x_wconf 81' lang='lat' dir='ltr'><strong>jurgium</strong></span> <span class='ocrx_word' id='word_1_284' title='bbox 604 3591 691 3652; x_wconf 85' lang='lat' dir='ltr'><strong>inter</strong></span> <span class='ocrx_word' id='word_1_285' title='bbox 704 3607 757 3651; x_wconf 91' lang='lat' dir='ltr'><strong>eos</strong></span> <span class='ocrx_word' id='word_1_286' title='bbox 770 3591 804 3650; x_wconf 91' lang='lat' dir='ltr'><strong>in</strong></span> <span class='ocrx_word' id='word_1_287' title='bbox 819 3607 953 3653; x_wconf 84' lang='lat' dir='ltr'><strong>censura</strong></span> <span class='ocrx_word' id='word_1_288' title='bbox 969 3605 1073 3654; x_wconf 88' lang='lat' dir='ltr'><strong>ortum</strong></span> <span class='ocrx_word' id='word_1_289' title='bbox 1085 3608 1244 3658; x_wconf 88' lang='lat' dir='ltr'><strong>narratur.</strong></span> 
     </span>
     <span class='ocr_line' id='line_1_33' title="bbox 147 3683 1245 3777; baseline 0.005 -29"><span class='ocrx_word' id='word_1_290' title='bbox 147 3683 246 3777; x_wconf 78' lang='lat' dir='ltr'><strong>[aad.</strong></span> <span class='ocrx_word' id='word_1_291' title='bbox 259 3685 388 3763; x_wconf 86' lang='lat' dir='ltr'>XXXV,</span> <span class='ocrx_word' id='word_1_292' title='bbox 403 3688 433 3766; x_wconf 84' lang='lat'><strong>33</strong></span> <span class='ocrx_word' id='word_1_293' title='bbox 446 3688 528 3750; x_wconf 88' lang='lat' dir='ltr'><strong>Plut.</strong></span> <span class='ocrx_word' id='word_1_294' title='bbox 540 3690 636 3750; x_wconf 81' lang='lat' dir='ltr'><strong>Praec.</strong></span> <span class='ocrx_word' id='word_1_295' title='bbox 649 3688 750 3770; x_wconf 88' lang='lat' dir='ltr'><strong>politt.</strong></span> <span class='ocrx_word' id='word_1_296' title='bbox 763 3688 1052 3770; x_wconf 76' lang='lat' dir='ltr'><strong>p.167;AE1ian.V.</strong></span> <span class='ocrx_word' id='word_1_297' title='bbox 1066 3691 1105 3753; x_wconf 88' lang='lat' dir='ltr'><strong>ll.</strong></span> <span class='ocrx_word' id='word_1_298' title='bbox 1114 3693 1201 3766; x_wconf 89' lang='lat' dir='ltr'>VIII,</span> <span class='ocrx_word' id='word_1_299' title='bbox 1213 3693 1245 3770; x_wconf 79' lang='lat'><strong>43</strong></span> 
     </span>
     <span class='ocr_line' id='line_1_34' title="bbox 142 3786 649 3880; baseline -0.006 -30"><span class='ocrx_word' id='word_1_300' title='bbox 142 3789 284 3854; x_wconf 82' lang='lat' dir='ltr'><strong>Mecreb.</strong></span> <span class='ocrx_word' id='word_1_301' title='bbox 296 3789 362 3852; x_wconf 84' lang='lat' dir='ltr'><strong>Sat.</strong></span> <span class='ocrx_word' id='word_1_302' title='bbox 373 3791 417 3864; x_wconf 86' lang='lat' dir='ltr'><strong>II,</strong></span> <span class='ocrx_word' id='word_1_303' title='bbox 432 3789 482 3850; x_wconf 89' lang='grc'><strong>10.</strong></span> <span class='ocrx_word' id='word_1_304' title='bbox 498 3786 649 3880; x_wconf 61' lang='lat' dir='ltr'><strong>Edendi]</strong></span> 
     </span>
    </p>

    <p class='ocr_par' dir='ltr' id='par_1_9' title="bbox 142 3884 1254 4146">
     <span class='ocr_line' id='line_1_35' title="bbox 186 3884 1247 3965; baseline 0.005 -17"><span class='ocrx_word' id='word_1_305' title='bbox 186 3885 315 3950; x_wconf 83' lang='lat' dir='ltr'><strong>Crassus</strong></span> <span class='ocrx_word' id='word_1_306' title='bbox 333 3898 366 3948; x_wconf 88' lang='lat' dir='ltr'><strong>et</strong></span> <span class='ocrx_word' id='word_1_307' title='bbox 378 3885 438 3950; x_wconf 87' lang='lat' dir='ltr'><strong>Cn.</strong></span> <span class='ocrx_word' id='word_1_308' title='bbox 456 3885 610 3950; x_wconf 88' lang='lat' dir='ltr'><strong>Domitius</strong></span> <span class='ocrx_word' id='word_1_309' title='bbox 624 3884 848 3948; x_wconf 78' lang='lat' dir='ltr'><strong>Ahenobarbus</strong></span> <span class='ocrx_word' id='word_1_310' title='bbox 863 3904 1007 3952; x_wconf 83' lang='lat' dir='ltr'><strong>censores</strong></span> <span class='ocrx_word' id='word_1_311' title='bbox 1022 3887 1149 3962; x_wconf 86' lang='lat' dir='ltr'><strong>luerunt</strong></span> <span class='ocrx_word' id='word_1_312' title='bbox 1165 3911 1194 3953; x_wconf 85' lang='lat' dir='ltr'><strong>a.</strong></span> <span class='ocrx_word' id='word_1_313' title='bbox 1207 3895 1247 3965; x_wconf 88' lang='lat' dir='ltr'><strong>U.</strong></span> 
     </span>
     <span class='ocr_line' id='line_1_36' title="bbox 144 3979 1254 4067; baseline 0.005 -20"><span class='ocrx_word' id='word_1_314' title='bbox 144 3983 220 4047; x_wconf 60' lang='grc'><strong>6611</strong></span> <span class='ocrx_word' id='word_1_315' title='bbox 243 3979 401 4046; x_wconf 84' lang='lat' dir='ltr'><strong>Domitios</strong></span> <span class='ocrx_word' id='word_1_316' title='bbox 412 3984 478 4067; x_wconf 84' lang='lat' dir='ltr'><strong>ipse</strong></span> <span class='ocrx_word' id='word_1_317' title='bbox 492 3983 584 4046; x_wconf 84' lang='lat' dir='ltr'><strong>lande</strong></span> <span class='ocrx_word' id='word_1_318' title='bbox 601 3979 784 4064; x_wconf 83' lang='lat' dir='ltr'><strong>eloquentiae</strong></span> <span class='ocrx_word' id='word_1_319' title='bbox 801 3980 919 4060; x_wconf 83' lang='lat' dir='ltr'><strong>floruit,</strong></span> <span class='ocrx_word' id='word_1_320' title='bbox 940 3983 1094 4050; x_wconf 85' lang='lat' dir='ltr'><strong>Cicerone</strong></span> <span class='ocrx_word' id='word_1_321' title='bbox 1115 4001 1196 4057; x_wconf 78' lang='lat' dir='ltr'><strong>teste</strong></span> <span class='ocrx_word' id='word_1_322' title='bbox 1214 3993 1254 4058; x_wconf 88' lang='lat' dir='ltr'><strong>in.</strong></span> 
     </span>
     <span class='ocr_line' id='line_1_37' title="bbox 142 4082 924 4146; baseline 0.004 0"><span class='ocrx_word' id='word_1_323' title='bbox 142 4087 242 4146; x_wconf 88' lang='lat' dir='ltr'><strong>Bruto</strong></span> <span class='ocrx_word' id='word_1_324' title='bbox 254 4103 283 4146; x_wconf 89' lang='lat' dir='ltr'><strong>e.</strong></span> <span class='ocrx_word' id='word_1_325' title='bbox 296 4085 349 4146; x_wconf 79' lang='lat'><strong>45.</strong></span> <span class='ocrx_word' id='word_1_326' title='bbox 921 4082 924 4087; x_wconf 72' lang='grc'><strong>’</strong></span> 
     </span>
    </p>

    <p class='ocr_par' dir='ltr' id='par_1_10' title="bbox 188 4181 1248 4273">
     <span class='ocr_line' id='line_1_38' title="bbox 188 4181 1248 4273; baseline 0.007 -24"><span class='ocrx_word' id='word_1_327' title='bbox 188 4184 256 4249; x_wconf 80' lang='lat' dir='ltr'><strong>Cio.</strong></span> <span class='ocrx_word' id='word_1_328' title='bbox 269 4186 316 4246; x_wconf 85' lang='lat' dir='ltr'><strong>De</strong></span> <span class='ocrx_word' id='word_1_329' title='bbox 330 4197 411 4248; x_wconf 83' lang='lat' dir='ltr'><strong>oret.</strong></span> <span class='ocrx_word' id='word_1_330' title='bbox 425 4181 464 4260; x_wconf 89' lang='lat' dir='ltr'><strong>Il,</strong></span> <span class='ocrx_word' id='word_1_331' title='bbox 478 4185 512 4246; x_wconf 91' lang='grc'><strong>11</strong></span> <span class='ocrx_word' id='word_1_332' title='bbox 519 4231 530 4262; x_wconf 83' lang='grc'>,</span> <span class='ocrx_word' id='word_1_333' title='bbox 543 4184 603 4248; x_wconf 73' lang='lat'><strong>452</strong></span> <span class='ocrx_word' id='word_1_334' title='bbox 619 4184 750 4246; x_wconf 81' lang='lat' dir='ltr'><strong>Crassus</strong></span> <span class='ocrx_word' id='word_1_335' title='bbox 764 4181 798 4246; x_wconf 90' lang='lat' dir='ltr'><strong>in</strong></span> <span class='ocrx_word' id='word_1_336' title='bbox 812 4183 895 4249; x_wconf 85' lang='lat' dir='ltr'><strong>illius</strong></span> <span class='ocrx_word' id='word_1_337' title='bbox 908 4184 1060 4252; x_wconf 69' lang='lat' dir='ltr'><strong>metionis</strong></span> <span class='ocrx_word' id='word_1_338' title='bbox 1073 4209 1248 4273; x_wconf 70' lang='lat' dir='ltr'><strong>essequam</strong></span> 
     </span>
    </p>
   </div>
   <div class='ocr_carea' id='block_1_7' title="bbox 144 4284 1248 4370">
    <p class='ocr_par' dir='ltr' id='par_1_11' title="bbox 144 4284 1248 4370">
     <span class='ocr_line' id='line_1_39' title="bbox 144 4284 1248 4370; baseline 0.005 -22"><span class='ocrx_word' id='word_1_339' title='bbox 144 4298 259 4348; x_wconf 86' lang='lat' dir='ltr'><strong>contra</strong></span> <span class='ocrx_word' id='word_1_340' title='bbox 271 4284 418 4365; x_wconf 78' lang='lat' dir='ltr'><strong>collegam</strong></span> <span class='ocrx_word' id='word_1_341' title='bbox 434 4305 545 4350; x_wconf 83' lang='lat' dir='ltr'><strong>censor</strong></span> <span class='ocrx_word' id='word_1_342' title='bbox 559 4286 680 4360; x_wconf 80' lang='lat' dir='ltr'><strong>habuit,</strong></span> <span class='ocrx_word' id='word_1_343' title='bbox 697 4285 852 4370; x_wconf 84' lang='lat' dir='ltr'><strong>principio</strong></span> <span class='ocrx_word' id='word_1_344' title='bbox 865 4285 962 4350; x_wconf 87' lang='lat' dir='ltr'><strong>dixit:</strong></span> <span class='ocrx_word' id='word_1_345' title='bbox 982 4289 1059 4369; x_wconf 72' lang='lat' dir='ltr'><strong>Quo</strong></span> <span class='ocrx_word' id='word_1_346' title='bbox 1076 4302 1184 4354; x_wconf 79' lang='lat' dir='ltr'><strong>netur-&#39;o</strong></span> <span class='ocrx_word' id='word_1_347' title='bbox 1196 4309 1248 4354; x_wconf 77' lang='lat' dir='ltr'><strong>om</strong></span> 
     </span>
    </p>
   </div>
   <div class='ocr_carea' id='block_1_8' title="bbox 1067 4403 1101 4470">
    <p class='ocr_par' dir='ltr' id='par_1_12' title="bbox 1067 4403 1101 4470">
     <span class='ocr_line' id='line_1_40' title="bbox 1067 4403 1101 4470; baseline 0 0"><span class='ocrx_word' id='word_1_348' title='bbox 1067 4403 1101 4470; x_wconf 80' lang='grc'><strong>34</strong></span> 
     </span>
    </p>
   </div>
   <div class='ocr_carea' id='block_1_9' title="bbox 0 0 1609 5344">
    <p class='ocr_par' dir='ltr' id='par_1_13' title="bbox 0 0 1609 5344">
     <span class='ocr_line' id='line_1_41' title="bbox 0 0 1609 5344; baseline 0 0"><span class='ocrx_word' id='word_1_349' title='bbox 0 0 1609 5344; x_wconf 95' lang='lat' dir='ltr'><strong> </strong></span> 
     </span>
    </p>
   </div>
  </div>
 </body>
</html>
