3288 5344
709 469 753 544 55

177 621 231 673 aot
242 610 314 674 viro
324 585 398 670 toni
407 608 545 688 dignum.
558 609 829 672 Nomauuuculum
838 625 937 686 suum,
955 614 1088 695 Appium
1100 614 1280 693 Pulchrum,

176 709 258 792 quod
272 705 410 770 Sullanis
424 705 565 787 partibus
584 723 624 766 es
639 703 792 770 affinitate
801 706 908 770 lavere
933 707 1101 785 videretur,
1124 711 1281 776 incenato

177 794 309 888 tegeno
330 807 461 868 toruos
483 823 546 866 non
561 805 678 869 nom
697 807 849 888 pisonis
873 804 966 890 (esc.¹
979 809 1144 870 monum
1158 831 1187 872 ο.
1207 813 1279 898 stt,

178 903 336 968 consensit
345 902 442 965 etiam
454 913 493 963 ut
504 897 645 964 libertini
659 902 695 965 in
709 899 828 965 XXXV
842 903 944 965 ‘tribus
953 903 1181 968 dividerentur.
1192 910 1282 974 Prius

176 1005 276 1086 cip‘em
286 1015 422 1075 senatus,
432 1003 551 1067 Scauro
566 1020 670 1086 nuper
681 1001 838 1076 defuncto,
856 1007 893 1068 L.
910 1005 1071 1068 Valerium
1082 1007 1225 1071 Flaccum
1240 1011 1281 1072 le·

174 1105 237 1186 git*
247 1101 352 1188 Ipsum
364 1117 470 1187 postea
481 1106 657 1189 principem
669 1105 762 1186 inisse
768 1117 894 1168 senatus
905 1107 997 1170 nullis
1008 1109 1149 1170 Brossius
1157 1110 1283 1173 demon·

174 1215 255 1264 strat
279 1202 482 1282 argumentis,
501 1213 545 1265 ut
565 1203 677 1265 Flacco
691 1203 734 1287 Q.
757 1201 900 1266 Catulum
922 1197 1115 1278 successisse,
1140 1207 1284 1291 Philippo

176 1312 240 1365 non
250 1299 428 1384 interjecto,
442 1303 625 1366 existimem.
637 1305 1175 1388 Urgentereipubliooeneccssitate,
1188 1308 1282 1386 bello,

176 1403 284 1477 credo,
298 1400 406 1464 sociali
418 1401 614 1478 imminente,
627 1419 698 1462 cunt
708 1401 845 1464 inimicis
854 1403 888 1464 in
904 1402 1038 1481 gratiam
1051 1403 1169 1465 redisse
1186 1404 1286 1467 fertur

175 1495 264 1580 (Cic.
277 1498 424 1578 Deprov.
442 1515 523 1559 coss.
541 1519 570 1561 c.
595 1497 649 1582 9).
675 1501 793 1562 Verum
808 1499 917 1560 horum
932 1495 1096 1581 potissimi,
1121 1501 1242 1565 Drusus
1255 1517 1287 1566 et

176 1596 318 1671 Crassus,
331 1597 398 1684 jam
407 1598 555 1660 exstincti
572 1609 675 1660 mont.
693 1597 746 1662 Sic
759 1611 791 1662 et
810 1599 944 1660 tumultu
956 1598 1100 1663 Cinnano
1112 1616 1200 1663 arma
1221 1618 1285 1665 non

177 1699 271 1780 cepit,
286 1697 497 1782 judiciumque
511 1699 607 1761 Varia
622 1699 691 1778 lege
702 1698 816 1761 crebro
827 1700 999 1762 exercitum
1014 1701 1152 1764 intactus
1165 1701 1284 1783 elingit.

178 1793 268 1857 Atin
282 1795 415 1856 tumultu
431 1795 541 1878 Lepidi
555 1797 670 1858 sortem
685 1807 718 1858 et
736 1807 931 1859 constantem
953 1798 1053 1860 citent
1073 1801 1150 1880 egit,
1172 1811 1207 1860 ut
1221 1800 1288 1883 ejus

175 1897 334 1979 precipue
355 1895 512 1958 sententia
526 1893 663 1979 Lepidus
688 1917 707 1958 n
725 1895 837 1959 Catulo
862 1897 980 1978 collega
994 1899 1084 1962 ltalia
1104 1901 1285 1984 pelleretur.

175 1995 257 2061 Vide
266 1995 446 2057 Sallustium
460 1993 540 2074 irag.
556 1996 582 2069 l,
602 1993 643 2056 22
658 1995 708 2056 ed.
724 1997 862 2058 Haueris.

175 2131 178 2136 -
217 2091 273 2154 Sic
285 2103 317 2152 et
336 2104 405 2174 post
419 2090 617 2172 optimatium
626 2103 730 2174 partes
748 2102 893 2166 sectatus,
911 2109 930 2152 a
945 2090 1037 2154 Rullo
1050 2087 1126 2153 trib.
1139 2089 1183 2174 pl.
1200 2093 1287 2157 Cice»

174 2209 255 2254 rone
269 2191 340 2254 Gos.
357 2205 475 2273 septem
490 2193 645 2273 tyrannis,
662 2192 861 2256 Sullanarum
873 2191 1008 2274 partium
1023 2192 1221 2275 principibus
1231 2213 1286 2258 an-

174 2299 355 2354 numeratus
367 2291 502 2354 uidetur.
516 2293 554 2353 V.
568 2291 636 2356 Cic.
650 2295 700 2359 De
711 2293 780 2373 lege
795 2311 864 2373 sgr.
878 2293 939 2367 ill,
956 2293 986 2368 l;
1004 2293 1086 2356 conl.
1102 2293 1285 2359 lliddleton.

174 2389 210 2450 in
225 2389 297 2454 Vita
309 2389 471 2450 Ciceronis
485 2391 513 2462 l,
531 2389 562 2463 3,
578 2407 608 2470 p.
627 2391 698 2454 158.

219 2481 358 2547 Moribus
369 2485 452 2546 haud
472 2483 620 2560 insuavis,
642 2487 697 2548 sed
715 2487 790 2548 luxu
814 2503 832 2546 a
857 2495 966 2547 vetere
986 2485 1129 2548 Romano
1152 2486 1287 2552 alienior

174 2585 299 2646 uidetur
312 2584 415 2646 luisse.
433 2587 472 2646 lu
483 2584 592 2666 primis
612 2585 757 2648 insanam
777 2585 814 2644 in
828 2580 959 2664 piscinis
970 2585 1128 2647 struendis
1135 2597 1170 2648 et
1185 2587 1286 2649 colens

176 2681 224 2746 dis
249 2702 381 2766 operam
404 2683 519 2765 posuit,
542 2703 662 2756 eorum,
691 2701 768 2764 quos
785 2681 1068 2745 stomachabundus
1085 2682 1159 2745 olim
1174 2681 1287 2749 Cicero

176 2785 362 2867 piscinarios
374 2785 554 2868 appellarit,
573 2796 664 2844 aetate
675 2784 806 2864 primus,
817 2794 852 2842 ut
865 2783 1033 2844 Hortensio
1044 2796 1077 2844 et
1089 2783 1218 2847 Lucullo
1231 2805 1287 2848 suo

176 2884 319 2965 exemplo
338 2883 423 2944 sium
443 2891 699 2964 praemonstrasse
719 2878 876 2940 videatur.
907 2879 956 2939 De
972 2879 1037 2942 'hoo
1059 2878 1287 2944 retestimonis

179 2983 356 3045 videVurr.
370 2983 410 3042 R.
425 2981 465 3042 il.
480 2982 534 3052 tv,
548 2999 581 3061 p.
599 2977 661 3040 246
672 2978 721 3038 cd.
737 2976 824 3058 Bip.,
841 2975 925 3037 Plin.
943 2979 983 3040 H.
998 2977 1038 3037 tt.
1056 2975 1113 3052 tx,
1128 2977 1181 3054 st,
1198 2978 1288 3042 colus

177 3081 263 3142 mella
292 3081 389 3153 vlit,
408 3079 460 3152 16,
485 3090 535 3153 et,
558 3077 611 3160 qui
635 3079 693 3140 sua¹
715 3096 755 3139 ex
782 3075 831 3138 his
849 3075 938 3138 drrxit
960 3073 1117 3154 fontibus,
1141 3077 1282 3141 Maenob.

177 3179 247 3242 Sut.
269 3177 311 3252 ll,
345 3176 397 3252 ll,
429 3195 450 3257 p
482 3175 545 3236 ott
565 3175 615 3236 ed.
638 3175 763 3257 Bipout.
792 3171 864 3255 Quo
886 3171 996 3235 ultimo
1021 3173 1090 3236 loco
1111 3174 1161 3237 bis
1174 3175 1288 3236 Lucilii

177 3283 373 3356 nomen-pro
392 3270 511 3332 Luculli
534 3271 651 3334 editum
673 3283 739 3344 est,
758 3269 889 3332 'nemini
914 3269 1132 3335 animadverso
1161 3293 1283 3351 errore,

174 3375 317 3458 quamne
329 3368 394 3435 loci
409 3370 601 3434 varroniani
614 3369 689 3434 insit
703 3370 832 3432 mentio.
845 3370 894 3432 Do
903 3371 1051 3460 oratoriis
1066 3371 1202 3455 Philippi
1220 3373 1286 3436 vir·¹

176 3467 294 3535 tutinus
304 3468 452 3537 Ciceroni
460 3471 658 3550 Brutospp.
675 3465 727 3547 45,
744 3467 797 3543 ll,
816 3467 868 3542 50,
887 3464 1070 3545 Decreti,
1085 3471 1178 3544 7311,
1197 3471 1233 3532 61
1253 3483 1285 3532 et

177 3567 340 3646 lss,³Offic.
365 3563 474 3644 13230,
494 3565 572 3628 nihil
589 3563 797 3646 adjiciendum
814 3565 973 3644 ducimus3
990 3566 1023 3627 id
1038 3566 1138 3628 solum
1161 3579 1285 3629 neusse
1373 3643 1376 3650 Ι

176 3669 328 3746 contenti,
354 3685 499 3748 magnum
517 3665 584 3749 ejus
601 3665 739 3728 indolem
754 3666 847 3728 nullis
860 3666 981 3728 artibus
995 3667 1148 3729 eruditam
1169 3666 1281 3730 unsri.

174 3771 254 3832 llam
266 3765 328 3830 lice
344 3767 499 3847 est,‘quod
514 3765 684 3848 imperatus
699 3765 782 3826 adeo
807 3773 839 3826 et
860 3763 1001 3830 incautus
1023 3763 1239 3830 collocationis
1252 3781 1285 3829 ot
1384 3756 1388 3769 ⁸

175 3865 348 3934 ordinisnd
363 3868 530 3932 dicendum
543 3865 705 3949 processit
723 3877 758 3926 ut
770 3865 839 3948 ipse
859 3865 988 3938 dixerit,
1007 3865 1041 3926 se
1052 3865 1188 3947 primum
1203 3869 1284 3948 quod

174 3964 338 4032 habiturus
354 3977 436 4030 esset
449 3963 588 4028 verbum
602 3961 737 4036 nescire,
763 3963 818 4026 sod
828 3983 911 4026 cum
926 3963 1091 4026 brachium
1112 3965 1283 4028 concalesc-

175 4065 277 4142 ffls'et,
307 4079 384 4127 tunc
397 4082 465 4126 seso
484 4063 588 4127 solere
603 4081 755 4143 pugnare.
779 4059 1051 4140 Concioueigitur
1061 4063 1205 4125 modesta
1217 4081 1283 4127 non

174 4169 250 4230 satis
264 4167 388 4247 dignus,
402 4164 504 4227 turbis
518 4178 550 4227 et
561 4163 751 4228 clamoribus
764 4163 952 4246 aptissimus,
960 4163 1107 4226 'dicende
1120 4165 1283 4228 sententie

175 4263 350 4342 mediocris,
362 4259 605 4346 =jndiciisimpar
615 4261 769 4324 risusest.
786 4259 994 4325 Dicacitatem
1006 4262 1089 4325 milo
1103 4277 1181 4325 sune
1194 4264 1284 4326 Boos·
