3212 5326
659 437 724 510 tat

292 655 322 716 6.
342 673 454 717 ortuo
477 675 519 716 on
539 672 637 716 ramus
659 673 765 716 monte
786 670 901 716 cornua
925 669 1082 712 ruuuou.

176 812 401 890 Argumentum
414 809 484 872 vide
499 809 532 870 in
548 809 747 892 precedenti.
763 807 873 874 Oratio
888 825 970 872 anno
982 803 1042 868 563
1056 817 1103 866 est
1113 805 1231 868 habita.

134 907 174 966 Α.
184 895 301 968 Gellius
313 907 346 968 iu
358 906 493 984 eleganti
500 903 619 986 judicio
632 907 671 968 ‹le
682 903 858 987 eloquentia
866 903 903 967 C.
913 901 1063 973 Gracchi,
1072 901 1235 966 Ciceronis

132 1021 224 1090 atque
238 1005 366 1068 Catonis
385 1025 425 1067 ex
445 1017 483 1067 e'o
504 1003 597 1080 libro,
616 996 669 1086 bui
689 1006 727 1064 de
737 1004 836 1086 flzlsis
854 1006 968 1082 pugnis
988 997 1160 1082 inscriptus
1174 1013 1233 1074 est,

131 1105 307 1186 exemplum
321 1102 469 1184 sumpsit,
481 1103 523 1178 X,
537 1101 575 1164 3:
594 1125 609 1158 a
622 1103 685 1185 Qui
700 1101 876 1164 consideret
890 1103 932 1161 Μ.
948 1096 1087 1172 Catonis,
1104 1097 1238 1160 hominio

133 1203 328 1286 antiquioris,
352 1205 537 1280 orationem,
559 1205 598 1268 ad
621 1202 709 1285 cujus
730 1203 794 1266 rim
809 1215 841 1264 et
856 1200 978 1284 copiam
999 1199 1163 1263 Gracchus
1178 1217 1258 1260 uec·

131 1299 313 1382 adspirarit,
341 1299 506 1378 intelliget,
533 1300 658 1383 opinor,
685 1299 839 1362 Cawuem
859 1308 1042 1361 contentum
1062 1294 1238 1376 eloquentia

133 1398 234 1462 aetatis
246 1419 306 1462 suae
322 1418 383 1461 non
398 1399 500 1472 iciam
515 1411 547 1461 et
556 1400 588 1460 id
599 1397 664 1480 jam
679 1413 744 1462 tum
754 1399 859 1461 iacere
873 1385 1015 1468 uoluisse,
1032 1396 1113 1476 quod
1126 1394 1238 1458 Cicero

129 1509 239 1580 postea
248 1492 391 1579 perfecit.
408 1498 497 1558 loeo
516 1495 650 1579 namque
666 1497 759 1572 libro,
776 1497 830 1578 qui
843 1495 881 1555 de
889 1494 991 1576 falsis
1002 1497 1114 1572 pugnis
1125 1488 1237 1554 iuscri-

102 1646 105 1656 .
133 1611 204 1679 ptus
221 1610 278 1672 est,
292 1597 336 1658 ita
348 1598 386 1658 de
396 1597 438 1680 Q.
455 1598 590 1660 Thermo
604 1609 789 1680 conquestus
803 1593 868 1660 est:

174 1695 285 1764 Dixit,
308 1717 328 1753 a
347 1695 532 1756 decemviris
549 1712 664 1774 parum
684 1696 747 1758 sibi
776 1694 851 1754 bene
869 1691 988 1754 cibario
1024 1706 1129 1758 curata
1147 1708 1216 1752 esse
1224 1729 1236 1759 ,

119 1786 221 1872 jussit
234 1794 416 1852 vestimenta
427 1788 547 1850 detrahi
558 1789 757 1876 atqueflagm
770 1792 872 1852 cadis
887 1793 1074 1856 decemnm
1081 1785 1240 1854 Bntttiant'

125 1886 350 1968 verberarem
361 1888 472 1948 videre
487 1887 572 1948 multi
583 1889 738 1948 mortales.
752 1888 829 1970 Quis
842 1885 920 1948 bunc
932 1889 1157 1956 contumeliam,
1166 1887 1235 1971 quis
1259 1875 1305 1952 23

124 1982 187 2045 boc
201 1989 368 2064 inperium
374 2026 385 2055 ,
399 1989 468 2068 quis
482 1981 561 2044 banc
574 1986 843 2067 servitutemferre
852 1986 980 2063 potest?
994 1986 1092 2049 Nemo
1105 1983 1162 2045 boc
1175 2001 1236 2044 rea

123 2101 222 2146 atteras
234 2079 420 2163 estfacere5
433 2099 510 2140 carte
516 2079 597 2162 steri
615 2081 712 2152 bonis,
730 2079 808 2144 bono
825 2099 937 2161 genero
948 2087 1060 2164 gnatis,
1075 2081 1149 2144 boni
1165 2098 1236 2140 eon·

124 2176 257 2240 salitis?
275 2177 339 2238 Ubi
359 2175 516 2239 societas?
530 2175 583 2238 ubi
592 2177 679 2260 fidos
699 2173 884 2262 majorum?
898 2179 1069 2261 Insignitas
1087 2171 1234 2258 injurias,

126 2281 257 2360 plagas,
270 2277 413 2350 verbera,
427 2276 560 2356 vibices,
576 2282 639 2350 vis,
657 2279 777 2340 doum
792 2275 880 2363 atque
894 2280 1102 2363 carmswinas,
1114 2297 1174 2357 per
1186 2277 1238 2336 de·

125 2375 223 2438 &cus
233 2391 324 2462 atque
336 2395 520 2438 maxumam
534 2375 768 2448 contunteliam,
787 2377 1023 2454 inspectantibus
1038 2373 1238 2458 popularibus

125 2478 194 2536 satie
206 2489 296 2560 atque
310 2475 412 2536 mulis
425 2475 616 2547 namatus,
631 2477 781 2558 tesacere
793 2498 903 2540 amaon
913 2475 1004 2540 csse?
1017 2477 1083 2538 Sed
1092 2489 1238 2562 quantum

125 2576 258 2647 luctum,
280 2591 426 2662 quantum
445 2579 613 2658 gemitum,
635 2580 711 2664 quid
727 2578 952 2653 hctnmaraon,
972 2573 1238 2665 quamtnnfletttm

117 2677 247 2758 factum
259 2675 387 2740 medici?
397 2677 489 2738 Serui
500 2671 634 2756 injurias
645 2681 741 2738 nimis
752 2679 962 2759 aegrescunt.
978 2677 1147 2761 Qubi'illos,
1160 2674 1238 2736 bono

127 2791 241 2852 genere
253 2787 372 2852 gnatos,
386 2793 501 2852 mugeto
511 2777 626 2831 aimus
633 2773 797 2849 praeditos,
809 2777 980 2849 opinamini
989 2776 1087 2832 aninti
1095 2771 1238 2832 &baisse

128 2883 222 2954 atque
233 2867 404 2939 babituros,
416 2869 489 2927 dum
500 2871 601 2930 vivent
608 2864 648 2924 io

165 2975 322 3044 Decemviri]
336 2993 435 3030 nomen
446 2976 617 3048 magistratus
629 2973 700 3047 apud
713 2961 838 3048 Ligurem*

166 3060 315 3128 Bruttiani]
329 3056 373 3114 Sic
386 3059 557 3133 appellantur
568 3061 675 3126 Bruttii,
689 3061 737 3131 qui
750 3059 902 3132 ignominia
912 3079 993 3114 otuu
1003 3060 1200 3134 mgitmtibus
1209 3061 1238 3114 iu

202 3142 352 3214 provincias
371 3142 499 3196 euuubus
517 3161 608 3216 parete
627 3154 655 3196 et
673 3139 876 3215 praeministrare
894 3163 1031 3198 senorum
1051 3145 1134 3200 vicem
1152 3143 1236 3200 coacti

204 3236 281 3288 aunt,
298 3237 330 3278 ut
340 3223 448 3278 Gellius
460 3225 637 3297 ipsehocloco
650 3225 775 3298 explicat.
790 3225 843 3280 Ubi
854 3247 882 3282 r.
892 3230 1011 3284 Gronov.
1021 3229 1099 3282 Conf.
1110 3230 1236 3284 Creuzcr.

202 3309 295 3381 intiq.
307 3311 385 3363 Rom.
398 3314 420 3382 §.
433 3314 476 3368 39.

167 3401 194 3448 la
200 3397 302 3472 facere]
312 3397 456 3472 Schulting
464 3397 498 3452 ad
506 3397 613 3452 Senecte
618 3399 787 3454 controvers.
798 3401 821 3467 1,
833 3403 843 3455 1
856 3421 863 3452 t
878 3403 942 3474 lpse
954 3402 1038 3458 mota
1048 3403 1118 3458 mala
1127 3403 1238 3464 faeisbal

201 3483 303 3556 t'ngtnt‘o
311 3504 370 3546 suo,
379 3505 407 3558 p.
418 3486 451 3539 'lb
461 3485 534 3539 hunc
546 3485 636 3540 locum
648 3485 727 3542 attan
739 3505 799 3540 cum
811 3487 895 3543 altero
903 3489 1014 3544 Catonis
1025 3509 1057 3544 cx
1064 3491 1185 3543 Charisio
1193 3491 1235 3542 11:

200 3567 293 3619 Multa
303 3585 368 3621 nova
379 3566 601 3636 mtrawlaficarc
613 3567 716 3622 ιἠϊηιίιί.
729 3569 835 3635 [Statim
848 3571 906 3625 cod.
917 3571 984 3644 Reg.
995 3573 1034 3625 Et
1041 3579 1180 3646 panium,
1189 3591 1238 3644 pro

199 3651 261 3708 Sed.
275 3657 310 3708 Et
319 3657 607 3727 Meyer.·quantumquu
615 3675 720 3729 gemm,
733 3657 998 3730 quantumooufaat„
1009 3659 1100 3712 invitia
1111 3658 1201 3725 codd.]

174 3752 292 3815 Nouius
306 3773 339 3834 p.
355 3755 426 3824 187,
441 3754 479 3816 tt
494 3755 669 3837 exemplum
690 3775 730 3819 ex
752 3758 860 3818 eodem
878 3755 975 3822 Gellii
994 3757 1064 3820 loco
1084 3769 1238 3820 mutuatus

132 3863 201 3914 ost:
217 3853 385 3929 «Vibicas,
408 3855 567 3936 plagarum
587 3857 729 3918 vulnera.
756 3857 834 3921 Cato
856 3859 895 3921 ‹le
914 3858 997 3924 saleis
1016 3859 1148 3941 pugnis:
1175 3859 1238 3919 Ubi

131 3949 284 4010 societas?
295 3949 432 4033 ubifidos
443 3948 1080 4038 majorum?insignitasinJurias,phgas,
1091 3957 1234 4032 verbera,

129 4049 261 4121 vibices,
268 4054 314 4112 eis
324 4052 443 4114 dolores
453 4068 542 4138 atque
552 4055 746 4130 carnificinas
754 4077 814 4134 per
822 4057 952 4118 dedecus
961 4073 1049 4142 atque
1059 4063 1237 4120 maximam

131 4151 347 4212 contumeliam
369 4155 646 4232 inspectantibus.»
667 4155 795 4234 [egitur
816 4159 898 4239 apud
919 4161 1058 4222 Perott.:
1074 4163 1238 4240 insignitas

133 4243 279 4331 injurias,
295 4253 417 4336 plagas,
433 4255 577 4328 verbera,
592 4256 719 4332 vibices,
735 4261 796 4330 vis,
811 4259 939 4322 dolores.
967 4263 1056 4324 Hanc
1069 4260 1235 4323 lectionem
