3200 5344
656 475 721 548 tot

136 639 195 682 nes
218 617 431 702 adspiciendas
452 629 556 678 tannen
568 633 690 680 censeo.
707 617 787 678 Sunt
805 613 869 678 ttta
884 612 1006 696 quideni
1019 615 1239 696 languidiores,

137 730 353 782 verumtamen
379 731 506 800 possunt
519 733 634 796 augere
648 728 681 778 et
703 711 791 798 quasi
808 716 896 778 aiere
916 717 949 778 id
964 716 1092 790 bouum,
1115 720 1195 798 quod
1208 720 1242 779 in

136 825 193 886 illo
210 821 413 887 mediocriter
428 823 523 886 luisse
541 820 751 896 concedimus,
770 825 851 903 qood
872 821 967 889 habet
986 820 1244 898 cantaminum

133 925 236 985 solum
250 923 317 984 sine
325 919 395 984 aliis
403 923 437 984 in
444 922 581 986 Curione
589 921 722 1005 speciem
737 921 872 982 oratoris
887 919 1019 1003 alicujus
1026 920 1178 984 effecerit.

180 1024 406 1102 Argumentum
427 1021 518 1086 Orat.
538 1024 572 1083 iu
589 1023 625 1084 P.
648 1021 789 1084 Clodium
804 1035 836 1083 et
850 1021 1020 1084 Curionem
1033 1019 1197 1084 Ciceronis
1211 1041 1242 1102 p.

133 1121 178 1182 86
192 1121 241 1182 cd.
255 1123 358 1184 Beier.
373 1118 417 1204 (p.
433 1123 494 1186 330
508 1123 559 1185 ed.
571 1121 706 1206 Orell.)=
729 1121 807 1182 Tres
822 1121 885 1180 illis
898 1119 1086 1199 temporibus
1100 1117 1246 1180 Curiones

132 1216 251 1278 illustri
264 1221 640 1304 .*tomt‘nefuemnt‚{atque
653 1224 696 1278 ita
717 1225 749 1278 in
764 1219 851 1279 libris
864 1217 1125 1298 udltucsemtntur.

173 1348 199 1407 t‘n
213 1355 300 1424 tetris]
318 1359 418 1430 Nempe
437 1359 465 1410 in
483 1377 574 1410 eorum
589 1355 764 1420 orationibus,
783 1371 842 1426 quse
855 1355 940 1407 adhuc
954 1367 1120 1426 supererant,
1131 1373 1191 1407 cum
1203 1353 1247 1406 hic

209 1445 413 1497 commentarius
425 1445 594 1498 scriberetur.
608 1441 710 1496 Maius.

179 1582 260 1644 ibid.
276 1600 308 1666 p.
326 1577 366 1644 88
378 1581 448 1658 (331
466 1580 557 1656 Or.)=
572 1578 790 1648 Minacissituis
797 1581 899 1644 Clodii
909 1581 1038 1644 vocibus
1047 1583 1249 1644 vehementer

135 1695 170 1744 et
183 1682 339 1745 acerrimo
358 1681 471 1764 spirito
484 1681 542 1742 hac
556 1677 700 1742 oratione
714 1680 825 1742 Cicero
841 1682 1013 1763 respondit,
1028 1683 1169 1756 duorum,
1184 1694 1248 1744 tam

135 1777 337 1863 ipsiusquam
345 1774 500 1841 Curionis.

173 1933 254 1986 quam
269 1911 408 1978 Curemus]
421 1911 442 1962 i.
460 1929 485 1962 e.
500 1911 548 1962 hac
564 1911 682 1963 oratione
700 1912 793 1964 Cicero
808 1912 948 1983 respondit
961 1912 1117 1965 oralmm'bus
1134 1914 1247 1968 duorum

211 2012 264 2053 etc.
274 1997 368 2050 Maius
375 1997 408 2047 Ιι
417 1995 527 2048 duorum
540 1994 622 2048 latere
641 1995 918 2068 videturcorruptelo.
937 1997 1020 2049 Orell.

149 2177 154 2186 .
181 2123 316 2208 Quintil.
333 2123 387 2196 Vl,
406 2123 438 2197 3,
455 2121 495 2188 76
514 2117 649 2184 :Cicero
664 2117 834 2184 Curionem
854 2139 976 2206 seraper
988 2121 1030 2184 ab
1048 2123 1247 2188 excusatione

134 2223 241 2288 etatis
255 2221 472 2308 incipientem,
487 2222 607 2288 facilins
619 2219 757 2304 quotidie
767 2225 952 2306 prooemium
966 2223 1096 2300 habere,
1111 2222 1202 2290 dixit.

180 2325 307 2402 Sueton.
324 2325 403 2388 Coes.
422 2344 452 2386 c.
471 2323 511 2384 52
528 2343 539 2382 ε
556 2321 654 2386 Curio
677 2337 766 2404 peter
780 2325 914 2405 quedam
929 2321 1082 2388 cesarem
1103 2321 1247 2390 oratione

137 2426 276 2480 omnium
297 2421 457 2480 mulierum
485 2425 586 2478 airum
614 2435 644 2478 et
666 2424 807 2480 omnium
839 2425 976 2480 uirorum
1002 2421 1164 2482 mulierem
1191 2444 1245 2508 ap-

136 2519 245 2603 pattat.

181 2615 264 2680 lirid.
279 2615 356 2682 cas.
369 2638 397 2680 c.
415 2617 479 2680 toz
493 2619 639 2700 Pompeio
650 2637 668 2678 a
680 2615 882 2693 Curionibus,
897 2633 986 2701 patre
1000 2635 1033 2682 et
1045 2619 1121 2696 filio,
1138 2641 1245 2706 exprc

136 2715 262 2777 brutum
274 2727 331 2789 est,
347 2715 429 2798 quod
443 2709 531 2794 cujus
542 2735 636 2773 causa
645 2729 715 2792 post
726 2729 788 2774 tres
802 2715 915 2775 liberos
929 2722 1082 2795 exegisset
1099 2740 1242 2790 uxorem,

136 2825 168 2870 et
197 2830 289 2895 quem
309 2829 435 2889 gemem
459 2808 636 2888 AEgisthum
662 2810 816 2888 appellare
837 2827 1022 2887 consuesset,
1051 2811 1118 2897 ejus
1138 2829 1245 2892 postea

126 2906 238 2988 filiam
249 2911 392 2985 potentt'oe
403 2905 565 2982 cupiditate
574 2910 607 2964 in
618 2911 849 2965 matrimonium
860 2913 1034 2984 recepisset.

185 3007 267 3070 lbid.
284 3027 313 3069 o.
328 3005 389 3070 49:
405 3005 561 3068 Praetereo
577 3008 718 3070 actiones
737 3005 908 3069 Dolabella
926 3021 958 3070 et
974 3009 1120 3072 Curionis
1133 3012 1243 3096 patris,

138 3109 175 3174 io
190 3106 384 3189 quibuscum
399 3102 586 3190 (Casuram)
603 3103 776 3166 Dolabella.
790 3105 935 3183 pellicem
949 3111 1080 3188 regina,
1096 3111 1245 3190 spondam

138 3213 317 3270 interiorem
342 3209 437 3284 regiae
467 3205 583 3264 hcttccc
593 3251 604 3279 ,
628 3217 662 3266 et
687 3202 805 3280 furio,
832 3204 983 3266 modulum
1010 3207 1189 3274 dicomedt's
1216 3226 1246 3271 et
1274 3203 1341 3285 166

140 3305 340 3386 Bithynicum
340 3305 501 3383 fornicem
511 3303 629 3364 dicunt.

183 3405 268 3464 idem
291 3401 338 3461 ib.
362 3419 392 3460 c.
410 3401 428 3462 9
446 3399 684 3462 :Meminerant
703 3400 929 3481 conjurationis
948 3402 1081 3468 Cessaris
1099 3427 1170 3470 com
1201 3410 1243 3470 M.

139 3503 255 3564 Crasso
275 3495 428 3562 Tanusius
454 3498 607 3562 Geminus
633 3509 664 3560 et
684 3497 720 3564 C·
744 3497 842 3562 Curio
864 3512 955 3583 pater
977 3503 1011 3564 in
1038 3501 1245 3566 orationibus.

143 3605 328 3664 Convenisse
341 3599 437 3664 Corio
452 3598 507 3674 ait,
523 3615 553 3658 ut
565 3615 670 3681 togam
680 3601 718 3659 de
731 3599 857 3660 lumem
871 3597 1026 3682 dejiceret.
1038 3605 1122 3665 idem
1136 3602 1244 3680 Curio,

139 3705 240 3764 sedet
254 3703 297 3762 di.
315 3699 461 3763 Actorius
479 3700 574 3774 Naso,
587 3710 826 3770 auctorisasset,
844 3703 1036 3777 conspirasse
1054 3721 1126 3763 eum
1148 3707 1243 3766 etiam

139 3821 211 3861 arm
228 3801 283 3860 Cn.
298 3797 414 3860 Pisone
427 3797 624 3858 adolescente.
953 3874 954 3883 ἵ

182 3895 338 3962 Priscian.
356 3897 445 3971 vili,
457 3895 488 3970 d,
502 3915 534 3976 p.
553 3894 610 3956 stt
628 3916 635 3954 :
652 3894 747 3960 Curio
759 3905 850 3977 pater
863 3917 871 3956 a
883 3895 1047 3982 Nusquam
1063 3900 1242 3976 demolitur,

138 4021 291 4084 nttsqrmm
302 4009 489 4058 exarmatur
499 3999 644 4074 pecunia,
656 3995 816 4058 demolitur·
825 3996 948 4076 passive
963 3997 1051 4060 dixit.

155 4139 164 4150 “
178 4135 333 4204 Nusquam]
353 4146 406 4186 tros
415 4131 492 4185 codd.
504 4128 608 4183 Krehh'i
621 4145 763 4200 nunquam.

184 4277 273 4339 Dixit
293 4288 444 4357 praeterea
459 4274 556 4338 Curio
574 4293 635 4352 pro
649 4272 806 4353 fratribus
831 4273 937 4334 Cossis
957 4291 1060 4336 contra
1080 4281 1247 4340 Antonium

1063 4393 1097 4444 36
