3218 5320
862 390 931 462 342

345 545 471 597 ceretur
489 533 528 594 ad
546 533 648 596 subita
667 531 872 615 extemporali
886 533 1043 596 facultate.
1057 563 1099 578 -
1120 531 1158 592 C.
1173 530 1233 596 86:
1253 531 1361 594 Genus
1379 528 1442 590 elo-

345 628 460 712 quendi
474 642 597 692 secutus
610 641 657 692 est
670 631 795 709 elegans
815 643 847 692 et
867 643 1084 712 temperatum,
1098 629 1205 690 uitatis
1220 623 1444 689 sententiarum

344 727 471 811 ineptiis
489 743 581 810 atque
600 728 814 793 concinnitate
834 743 866 792 et
886 727 1120 792 reconditorum
1134 728 1315 800 verborum,
1333 725 1448 808 etipse

344 827 431 900 dicit,
445 827 616 890 lectoribus.

385 925 482 1006 Epist.
498 924 667 986 Frontonis
680 923 719 986 ad
733 927 851 988 Verum
870 943 903 1006 p.
920 923 975 987 181
996 923 1048 984 ed.
1066 921 1177 984 Roma
1194 917 1310 982 Caesari
1326 917 1449 1000 quidem

341 1024 521 1088 facultatem
543 1025 667 1088 tlioemli
689 1025 779 1088 video
802 1025 1039 1107 imperatoriam
1060 1022 1162 1095 luisse,
1188 1024 1360 1100 Augustum
1373 1039 1450 1082 vero

342 1123 446 1184 saeculi
459 1122 575 1185 residui
588 1123 746 1201 eleganter
762 1135 794 1184 et
808 1123 934 1196 Latine,
951 1121 1064 1200 liuguoe
1077 1121 1172 1182 etiam
1186 1131 1252 1180 tum
1266 1119 1389 1196 integro
1405 1117 1448 1177 le·

343 1239 420 1301 pore
430 1221 533 1304 potius
544 1239 634 1302 quam
646 1220 770 1281 dicendi
782 1219 925 1281 ubertate
936 1217 1096 1302 praeditum
1109 1229 1193 1300 puto.

377 1399 521 1470 eleganter]
535 1397 676 1470 legendum
689 1397 816 1450 fortasse:
829 1394 913 1448 seculi
922 1397 1027 1450 rest‘dua
1037 1393 1182 1468 elegantia,
1195 1401 1222 1446 ct
1236 1390 1338 1446 latine
1357 1390 1454 1462 liuguae

413 1479 491 1532 ettam
504 1473 560 1531 luni
571 1480 671 1552 zotegro
683 1481 768 1552 lepore
781 1492 831 1532 etc.

384 1651 484 1711 Tacit.
497 1649 612 1711 Annal.
623 1650 713 1724 Xlll,
726 1648 764 1712 3:
781 1652 916 1728 Augttsto
931 1662 1074 1733 prompta
1088 1669 1125 1714 ae
1138 1647 1306 1733 profluens,
1319 1665 1385 1728 quaa
1400 1648 1451 1708 de·

343 1763 430 1813 ceret
441 1750 627 1832 principem,
640 1750 817 1830 eloquentia
828 1751 897 1814 luit.

386 1849 425 1908 ln
435 1847 538 1912 Gellio
549 1849 618 1923 XV,
629 1849 661 1922 7,
680 1847 810 1928 Augusti
820 1847 1009 1932 predicatur
1021 1847 1175 1927 elegantia
1189 1846 1339 1910 orationis
1351 1864 1452 1925 neque

343 1965 468 2007 morosa
481 1965 580 2026 neque
594 1946 691 2008 auxia
703 1949 757 2008 sed
767 1947 868 2010 facilis
878 1947 986 2008 hercle
997 1959 1029 2010 et
1039 1947 1182 2027 simplex.

384 2045 516 2128 Quintil.
529 2043 599 2120 th,
612 2047 643 2122 6,
656 2046 682 2106 l:
693 2047 798 2108 Caesar
807 2048 958 2126 Augustus
968 2045 1131 2108 duodecim
1141 2064 1240 2107 anuos
1250 2045 1451 2104 natusaaiam

340 2167 399 2224 pro
412 2151 522 2207 rostris
532 2147 676 2207 laudavit.

384 2247 512 2308 Sueton.
524 2247 638 2310 Octav.
652 2267 680 2308 c.
696 2248 969 2309 &Duodecimum
984 2267 1099 2309 annum
1114 2265 1208 2328 agens
1221 2248 1322 2305 nomm
1332 2244 1449 2302 lolium

343 2347 520 2424 defimctam
527 2367 587 2423 pro
599 2350 743 2407 concione
753 2347 894 2408 laudavit.
1383 2342 1386 2350 ¹

337 2515 340 2521 ⁴
381 2523 508 2592 laudavit]
522 2543 546 2578 a.
558 2525 619 2588 toa,
629 2541 691 2576 eum
702 2542 774 2577 auno
783 2527 835 2578 θθθ
844 2537 900 2578 erat
911 2537 1000 2578 natus.
1016 2525 1138 2580 Dubitari
1148 2537 1233 2576 tumen
1244 2535 1342 2595 potest,
1351 2539 1386 2576 au
1395 2522 1449 2574 haee

414 2605 531 2659 laudatio
544 2609 581 2660 sit
592 2625 708 2678 unquam
720 2607 800 2660 edita.

386 2771 447 2830 Dit)
460 2771 540 2846 LlV,
559 2771 598 2834 35
618 2792 626 2832 t
644 2784 694 2840 Την
710 2782 841 2836 'careotas
855 2785 898 2841 τὴν
917 2781 1026 2854 alleluiu
1041 2785 1206 2836 ἀποθανοῦσαν
1225 2786 1339 2856 προέθετο
1354 2783 1393 2836 ἐπὶ
1407 2779 1448 2836 τοὖ

344 2864 441 2919 Ἰουλίου
454 2866 542 2937 ἡρῴου,
555 2867 765 2938 παραπετάσματι
776 2866 819 2920 καὶ
832 2867 887 2920 τότε
900 2865 940 2919 iai
952 2874 996 2920 τοῦ
1011 2873 1094 2939 νεαροῦ
1109 2867 1265 2938 χρηοείρεονος·
1281 2865 1325 2920 καὶ
1338 2869 1409 2927 αὐτός
1423 2887 1448 2920 τε

344 2964 401 3014 ἐκεῖ
411 2963 451 3014 τθν
469 2961 593 3032 θπετοὶρεον
609 2956 672 3016 εἶπε.
688 2952 821 3014 Octavia
837 2973 926 3017 soror
938 2953 1044 3014 vitea.
1060 2953 1100 3018 U.
1119 2948 1194 3014 lii.

383 3048 444 3109 Dio
458 3048 540 3119 LlV,
558 3047 621 3110 28:
639 3061 685 3112 Τὸν
705 3059 847 3133 Ἀγρίππαν
861 3061 901 3112 τθν
920 3061 1050 3117 τεθνηκότα
1064 3063 1115 3113 ἔστε
1130 3061 1157 3112 τὸ
1176 3063 1234 3114 doru
1247 3062 1275 3113 τὸ
1288 3069 1360 3132 σῶμα
1375 3063 1448 3114 αὐτοῦ

342 3145 465 3216 ἐσεκόμεσε
479 3145 521 3195 καὶ
535 3148 557 3196 ἐν
569 3151 600 3213 τῇ
618 3145 698 3218 ἀγορᾷ
710 3148 836 3218 προέθηκε,
851 3150 889 3201 τόν
901 3168 928 3199 τε
943 3151 1014 3222 λόγον
1028 3150 1067 3200 τὸν
1082 3147 1122 3200 ἐπ’
1136 3149 1209 3201 αὐτοῦ
1223 3142 1288 3215 εἶπε,
1301 3151 1449 3220 παραπέτα·

342 3239 392 3308 opti
406 3257 431 3288 τε
442 3237 490 3307 πρὸ
504 3243 546 3289 τοῦ
556 3245 639 3308 νεαροῦ
648 3241 804 3310 παρατείνας.
822 3271 856 3282 ·-
871 3231 1009 3312 Agrippa
1021 3231 1154 3306 decessit
1164 3251 1182 3291 e
1192 3232 1258 3292 Vlla
1270 3252 1298 3292 a.
1316 3233 1355 3296 U.
1374 3231 1447 3292 741.

384 3321 446 3384 Dio
467 3321 524 3382 lib.
539 3324 604 3392 LV,
619 3322 661 3384 2:
678 3335 727 3387 Καὶ
741 3339 814 3390 αὐτοῦ
832 3339 958 3408 (Δρούσου)
972 3341 994 3390 ἰν
1010 3345 1041 3408 τῇ
1061 3341 1141 3413 ἀγορᾷ
1154 3341 1307 3411 προτεθέντος
1327 3337 1447 3400 θεπλοῦςθ

343 3415 467 3484 ἐπιτάφιος
481 3417 574 3483 ἐλέχθη.
590 3420 623 3470 ³0
636 3436 662 3470 τε
676 3416 725 3490 γὰρ
739 3421 843 3490 Τιβέριος
864 3424 965 3474 ἐνταῦθα
984 3424 1055 3474 αὐτὸν
1071 3424 1170 3492 θον-ρ’νεσε
1184 3421 1227 3474 καὶ
1242 3426 1253 3476 θ
1269 3424 1406 3495 Αὔγουστος
1426 3426 1447 3474 ἐν

342 3522 375 3586 τῷ
390 3515 512 3588 Φλαμινίῳ
527 3515 681 3589 ἱπποθρόμῳ.
695 3548 730 3560 -
743 3507 873 3580 Drusus,
890 3507 986 3568 Liviae
997 3507 1088 3582 lilius,
1103 3522 1244 3570 mortuus
1263 3528 1292 3569 a.
1310 3512 1353 3576 U·
1372 3509 1446 3572 tlt.

384 3613 470 3676 Suet.
485 3615 594 3677 Claud.
610 3636 639 3678 c.
655 3616 668 3676 1
683 3637 691 3676 ε
709 3617 895 3680 Defunctum
910 3621 1046 3680 Drusum
1068 3620 1113 3681 ita
1136 3641 1194 3702 pro
1215 3617 1369 3683 concione
1382 3622 1447 3682 lau·

271 3746 316 3818 25
343 3711 430 3771 davit
452 3714 618 3792 Augustus,
636 3729 667 3774 ut
687 3716 760 3776 deos
778 3733 922 3794 precatus
944 3721 999 3791 sit,
1025 3717 1145 3778 similes
1167 3723 1199 3777 ei
1214 3717 1358 3779 Caesares
1380 3740 1448 3780 suos

333 3809 495 3887 spument,
511 3809 628 3895 sibique
642 3825 706 3870 tam
718 3811 876 3873 honestum
890 3815 1070 3898 quandoque
1082 3818 1200 3874 exitum
1214 3815 1336 3884 darent,
1355 3837 1448 3899 quam

344 3903 392 3962 illi
406 3904 565 3984 dedissent.
590 3908 658 3968 Nee
672 3919 849 3986 contentus,
873 3909 1008 3990 elogium
1026 3908 1093 3990 ejus
1112 3910 1253 3974 versibus
1272 3931 1292 3971 a
1312 3925 1348 3972 se·
1365 3929 1448 3972 com·

341 4003 452 4088 positis
471 4007 674 4089 exsculpsisse
682 4051 691 4082 ,
709 4009 803 4072 etiam
818 4009 890 4074 uitae
904 4011 1086 4074 memoriam
1100 4030 1192 4094 prosa
1206 4013 1347 4074 oratione
1366 4031 1448 4074 conr·

343 4117 454 4184 posuit.

383 4201 511 4277 Servius
522 4203 555 4268 in
566 4162 655 4286 Virp.
668 4211 737 4272 AEn.
748 4210 774 4286 l,
787 4207 860 4272 712:
874 4210 992 4274 Davom
1004 4211 1043 4272 de
1053 4209 1193 4274 oratione
1208 4209 1336 4290 Augusti
1348 4223 1450 4272 mana·
