3288 5344
894 443 939 515 60
1013 445 1015 451 ’

369 597 450 642 rum.
469 579 558 644 Unus
568 575 751 640 Hortensius
765 573 843 637 nibil
857 586 970 658 preter
980 573 1105 638 dicendi
1115 590 1201 656 opus,
1215 581 1315 656 neque
1327 575 1360 637 id
1370 576 1465 637 artifi-

270 727 273 738 ,
370 677 464 750 cisse,
477 675 581 737 colere
591 668 699 736 voluit.
716 673 771 737 Sic
780 675 963 737 Groecarum
979 673 1145 736 literarum
1162 669 1277 734 notide
1295 670 1463 752 magistris,

369 773 733 860 peregrinationibdsque
743 773 892 857 juvenum
911 789 944 838 et
959 772 1196 854 magistratuum
1214 775 1345 836 Romam
1357 791 1465 854 perra·

369 887 444 953 gata
463 885 524 946 cst,
548 885 584 932 ut
604 888 673 932 mox
693 870 838 932 horridus
858 883 891 932 et
909 891 1019 952 parum
1040 871 1141 933 cultus
1159 870 1331 944 rideretur,
1352 869 1379 930 si
1398 871 1466 950 quis

369 977 481 1040 Graeeo
503 974 610 1053 lingua
631 992 695 1034 non
716 983 751 1031 ut
769 973 937 1034 vernacula
958 983 1111 1033 uteretur.
1137 975 1186 1032 lta
1206 967 1275 1032 siue
1295 968 1467 1051 interprete

369 1076 504 1156 primum
524 1083 648 1134 senatus
668 1071 788 1133 audivit
806 1071 960 1134 Molonem
979 1071 1173 1153 Apollonium
1194 1088 1251 1151 pro
1263 1067 1464 1144 Rhodiorum,

370 1193 494 1238 suorum
508 1171 635 1247 civium,
651 1171 786 1253 premiis
800 1170 967 1234 dicentem.
984 1173 1089 1234 Testes
1102 1169 1170 1234 Cic.
1185 1171 1275 1231 Brut.
1288 1189 1318 1231 c.
1331 1168 1382 1243 90,
1395 1169 1465 1232 Vol.

371 1276 454 1339 Max.
468 1275 509 1344 ll,
522 1273 553 1348 i,
568 1273 598 1334 3.
624 1274 704 1334 Nam
723 1271 868 1351 ignarum
887 1271 990 1335 Latini
1009 1271 1161 1351 sermonis
1173 1271 1326 1332 Molonem
1347 1287 1385 1331 ex
1398 1269 1466 1330 Plu·

371 1366 558 1432 tarchiVita
574 1365 738 1432 Ciceronis
756 1368 893 1433 ostendit
909 1368 1068 1450 Spalding.
1091 1368 1130 1429 ad
1148 1365 1281 1445 Quintil.
1291 1367 1346 1438 Vl,
1365 1367 1395 1438 l,
1413 1363 1465 1426 14.

371 1463 424 1530 Sic
436 1485 488 1528 ars
498 1464 674 1544 eloquendi,
688 1461 763 1527 olim
778 1477 903 1541 natura,
914 1483 976 1526 non
990 1466 1075 1527 cultu
1087 1465 1203 1544 genita,
1216 1483 1266 1525 res
1275 1463 1366 1524 multi
1376 1463 1467 1524 studii

371 1567 456 1628 iacta
469 1577 517 1626 est
527 1562 672 1648 (Quintil.
683 1565 752 1638 llll,
766 1566 818 1637 10,
832 1565 890 1639 39;
908 1565 992 1628 conl.
1005 1566 1141 1646 πυκνῆς
1153 1565 1198 1649 9).
1211 1566 1357 1626 Ceterum
1367 1563 1468 1628 literas

373 1683 445 1725 rum
456 1662 559 1724 studia
568 1676 637 1744 post
646 1663 810 1724 tumultum
821 1661 980 1731 Sudenum
990 1657 1094 1724 Rome
1108 1659 1333 1724 increbuerunt
1346 1662 1467 1734 acrins3

373 1757 473 1821 sedin
482 1759 572 1822 Latio
583 1772 616 1820 et
624 1771 690 1822 tota
699 1759 791 1822 ltalia
804 1759 878 1822 belli
892 1758 1031 1822 cladibus
1043 1774 1190 1843 oppressu
1201 1769 1285 1822 snut.
1298 1757 1388 1825 conr.
1399 1756 1466 1826 Cic.

373 1859 430 1924 Or.
444 1879 501 1941 pro
513 1859 631 1923 Archia
641 1879 670 1924 c.
686 1860 716 1923 3.
1240 1890 1244 1902 »
1407 1862 1411 1868 ’

417 1957 470 2021 tt.
492 1957 553 2022 Sed
566 1959 684 2033 eodem,
697 1978 756 2042 quo
766 1960 831 2024 haec
842 1979 894 2023 ars
907 1960 1046 2034 inductu,
1060 1971 1198 2041 tempore
1207 1969 1341 2021 mutatus
1350 1971 1470 2020 estmoe

370 2053 545 2135 juventutis
566 2057 743 2118 educandae.
768 2057 803 2120 Si
821 2075 922 2137 pauca
942 2055 1075 2137 antique
1095 2055 1281 2138 discipline,
1306 2066 1342 2115 ut
1360 2051 1468 2130 Coelii,

375 2159 518 2240 exempla
530 2156 678 2240 excipias,
690 2158 906 2220 deductionem
917 2158 1145 2220 adolescentum
1160 2157 1199 2218 sd
1211 2157 1297 2220 viros
1308 2157 1427 2219 virtute
1439 2167 1472 2218 et

376 2239 570 2334 experientia
580 2251 797 2334 preminentes
811 2249 958 2315 mansisse
971 2272 1033 2314 nou
1043 2251 1191 2334 reperies.
1207 2251 1290 2336 Quid
1304 2249 1400 2326 enim,
1412 2252 1439 2314 si
1452 2271 1471 2316 a

376 2349 531 2414 Cicerone
549 2365 582 2414 et
596 2352 716 2414 Catone
729 2351 884 2429 discedes,
900 2351 1066 2434 paucisque
1084 2349 1171 2424 eliis,
1195 2349 1270 2432 quid
1287 2351 1433 2436 juventus
1453 2371 1473 2414 a

377 2449 493 2510 ceteris
506 2446 585 2510 viris
595 2467 632 2510 eo
643 2461 781 2532 tempore
794 2451 914 2526 magnis
925 2447 1001 2511 boni
1013 2460 1068 2511 aut
1077 2447 1200 2510 honesti
1214 2446 1335 2511 discere
1348 2445 1473 2532 potuit?

379 2549 461 2610 Num
472 2549 567 2612 dabat
575 2550 693 2632 aliquid
703 2550 776 2612 boni
786 2551 918 2631 exempli
931 2550 991 2614 Cn.
1004 2550 1142 2632 Pompeii
1155 2546 1318 2625 mobilitas,
1332 2566 1393 2631 qua
1403 2567 1475 2611 mox

377 2661 518 2710 senatum
528 2651 622 2725 tueri,
634 2669 705 2712 mox
716 2649 894 2732 popularem
908 2669 1015 2712 auram
1025 2639 1153 2732 captare
1161 2649 1330 2722 affectavit,
1343 2661 1376 2710 et
1383 2648 1474 2709 modo

379 2743 564 2809 Ciceronem
583 2748 688 2822 auxit,
709 2749 799 2810 modo
817 2745 993 2810 cesammr
1013 2747 1096 2832 Quid
1113 2745 1150 2809 C.
1169 2744 1315 2819 Cesaris,
1336 2745 1475 2826 masuris

378 2842 502 2919 summi,
511 2843 665 2906 violentus
673 2845 850 2905 consulatus
857 2843 1085 2907 etCatilinariae
1095 2841 1314 2926 perduellionis
1324 2841 1475 2924 suspicio?

379 2941 463 3026 Quid
476 2944 517 3026 Q.
534 2941 693 3006 Hortensii
712 2944 818 3008 inanis
837 2944 1009 3022 elegantia,
1031 2955 1063 3005 et
1085 2940 1214 3024 puerilis
1235 2955 1327 3024 atque
1347 2941 1476 3020 indigna

378 3039 911 3120 luxuria?utClodiosVatiniosque
923 3051 1089 3116 taceamus,
1101 3051 1133 3103 et
1142 3039 1299 3115 Milonem,
1310 3038 1408 3118 magis
1416 3037 1475 3101 rei·
1509 3079 1512 3086 -

311 3213 314 3220 Ι
380 3135 512 3216 publice
531 3131 727 3215 temporibus
742 3135 869 3209 utilem,
886 3153 977 3216 quam
997 3133 1061 3196 ulla
1078 3136 1249 3198 honmtatis
1262 3145 1336 3197 nota
1352 3131 1474 3216 'conspi-

381 3249 485 3304 cuum,
501 3243 533 3291 et
547 3229 670 3292 turbam
685 3230 779 3294 aliam
792 3231 951 3294 hominurn
965 3232 1172 3297 consulatibus
1187 3243 1220 3295 et
1235 3229 1375 3295 censuris
1385 3234 1475 3294 deco·

380 3347 462 3402 ram,
473 3329 527 3390 sed
537 3329 621 3391 nulla
630 3348 666 3392 re
675 3331 776 3394 libera
784 3331 944 3412 republica
954 3333 1091 3412 diguam.
1105 3334 1193 3396 Solus
1200 3329 1323 3409 Cicero,
1336 3333 1476 3413 quemvis

382 3445 423 3488 ne
435 3425 502 3506 ipse
515 3421 639 3506 quidem
653 3423 714 3489 sibi
727 3442 759 3490 et
772 3425 842 3490 aliis
853 3427 948 3509 judex
962 3431 1036 3491 satis
1049 3449 1185 3504 severus,
1194 3431 1325 3512 juvenes
1335 3426 1476 3492 discendi

381 3520 511 3606 cupidos
524 3523 610 3588 circa
623 3543 657 3586 se
673 3526 896 3605 congregabat,
913 3539 945 3588 et
955 3545 1018 3588 non
1030 3528 1119 3589 modo
1133 3529 1272 3608 exemplo
1288 3529 1475 3598 ostendendo

379 3621 543 3686 sedetiam
557 3624 697 3687 docendo
711 3613 820 3708 etipse
834 3623 1037 3688 declamitans
1053 3623 1201 3688 erudivit.
1225 3631 1274 3689 lta
1288 3645 1475 3710 magnopere
1493 3637 1496 3642 '

380 3722 479 3782 valuit
496 3722 530 3785 in
549 3723 657 3798 Bruto,
678 3720 788 3799 Coelio,
808 3722 904 3786 Calvo
923 3723 1099 3786 oratoribus
1117 3722 1287 3804 lingendus
1308 3722 1363 3807 qui
1379 3725 1407 3788 si
1422 3725 1475 3787 illo

380 3822 519 3884 minores
535 3823 639 3900 luere,
657 3823 722 3887 hec
743 3845 806 3888 non
825 3825 984 3908 magistri,
999 3826 1053 3888 sed
1067 3838 1185 3888 naturae
1204 3839 1237 3889 et
1257 3824 1476 3909 discipulorum

381 3919 484 3999 culpa.
507 3919 597 3982 Hunc
616 3940 734 3984 morem
751 3923 790 3982 ad
809 3934 987 3988 eumenium.
997 3943 1093 4004 usque
1104 3925 1176 3986 vite
1194 3911 1315 4006 tempus
1332 3923 1473 3997 retinuit,

382 4015 501 4075 ruentis
510 4016 688 4097 reipublicae
698 4018 839 4081 solatium
850 4015 883 4078 in
894 4017 1070 4082 erudiendis
1077 4021 1248 4094 Dolabella,
1256 4018 1476 4096 Panse‚llirtio

382 4133 531 4195 quaerens.
545 4115 622 4178 Vide
634 4119 714 4200 Epp.
726 4119 765 4179 ad
777 4118 861 4180 dirv.
870 4119 924 4192 ix,
938 4118 987 4194 lo,
1001 4117 1055 4193 183
1071 4117 1155 4182 conl.
1164 4121 1314 4183 Senecam
1324 4119 1473 4182 Coenon.

384 4212 397 4272 l
408 4211 496 4295 praei.
518 4229 550 4294 p.
573 4211 611 4274 63
634 4215 684 4275 ed.
705 4211 775 4295 Bip.
800 4216 889 4296 Apud
907 4215 1134 4296 Quintilianum
1145 4217 1230 4295 Vlll,
1249 4217 1280 4292 3,
1301 4217 1353 4292 54,
1371 4217 1476 4279 Pausae
