3288 5344
733 433 777 502 43

201 565 289 632 dicus
300 568 434 632 luerunt.
454 571 490 630 V.
503 569 619 630 ldanut.
634 568 673 631 ad
684 568 751 630 Cic.
765 569 823 632 Or.
840 587 897 650 pro
910 569 999 631 domo
1010 590 1039 630 c.
1056 572 1087 645 4,
1102 573 1132 644 l,
1151 581 1183 633 ct
1197 573 1296 656 intpp.

201 671 242 729 ad
256 670 335 731 Vell.
361 670 410 741 ll,
434 689 466 749 p.
487 669 544 730 tut
568 670 616 730 ed.
634 668 757 730 Ruhnk.
781 671 846 730 Nec
869 681 972 730 tamen
988 672 1182 734 Burmannus
1200 675 1301 736 etalii

201 771 416 832 Diadematum
436 769 514 838 satis.
527 770 607 831 bene
629 769 838 832 aDalmatico
856 782 1035 832 secernunt.
1058 773 1185 834 Rectius
1204 776 1302 836 Erne-

201 882 282 948 stus;
300 872 352 932 sed
367 871 499 952 primum
513 871 572 933 hoc
587 871 701 932 uidisse
715 889 826 932 censeo
845 871 947 932 virum
962 871 1214 952 incomparabilis
1235 875 1302 935 dili-

201 973 325 1054 gentiae,
341 971 493 1049 Pigbinm‚
512 973 596 1033 Arrn.
613 972 673 1033 vol.
693 971 754 1045 lll,
771 989 803 1052 p.
825 971 879 1044 42,
904 971 986 1034 unde
1001 990 1056 1032 sua
1074 972 1178 1032 omnia
1190 991 1299 1034 recen-

199 1070 294 1133 tiores
313 1071 515 1134 deliberant:
530 1071 709 1150 Cognomcn
728 1071 843 1134 Metelli
866 1071 1094 1134 mercenarium
1110 1069 1299 1151 significare,

201 1173 288 1252 quasi
303 1173 502 1248 meritellnm,
520 1176 627 1234 Festus
642 1193 667 1234 s.
684 1192 715 1233 v.
733 1192 751 1233 e
769 1175 882 1234 Verrio
901 1173 1011 1236 Flacco
1031 1173 1163 1248 notavit,
1177 1193 1303 1236 consen·

199 1267 307 1346 licata,
319 1287 353 1336 nt
366 1264 505 1355 Scaliger
513 1275 670 1346 observat,
683 1267 857 1349 Glossario,
870 1275 950 1355 qnod
959 1274 1048 1344 uteru
1061 1275 1298 1356 iuterpretatur.

240 1376 281 1457 Q.
298 1376 438 1437 Metellus
457 1377 493 1437 L.
515 1377 549 1437 F.
567 1376 701 1457 primum
721 1375 871 1436 honorem
887 1374 996 1453 Pighio
1019 1375 1102 1436 visus
1115 1377 1244 1454 gessisse
1269 1393 1299 1434 a.

200 1471 273 1545 629,
289 1460 405 1534 duobus
416 1487 485 1554 post
502 1473 540 1534 C.
558 1472 752 1547 Gracchum,
770 1471 870 1532 tribus
884 1483 957 1535 ante
971 1472 1009 1532 P.
1034 1471 1199 1545 Rutilium,
1224 1471 1297 1532 duo·

198 1567 343 1634 bus'ante
357 1573 397 1654 Q.
418 1569 568 1632 Catulum.
589 1569 779 1630 'tribunatus
796 1589 824 1630 a.
848 1569 908 1631 633
934 1571 1025 1632 modo
1039 1567 1142 1630 eccho
1154 1568 1301 1632 Graccho

197 1684 310 1747 gestus,
339 1672 451 1734 tacitus
464 1671 532 1732 luit.
551 1671 658 1732 AEdilis
673 1691 742 1732 cum
757 1671 800 1729 Μ.
826 1669 945 1732 Catone
969 1667 1139 1733 Saloniano
1159 1689 1188 1730 a.
1214 1669 1298 1741 636,

195 1779 310 1846 praetor
325 1767 386 1830 640
398 1769 592 1830 existimatur
607 1767 842 1829 frumentariam
857 1767 998 1828 habuisse
1017 1766 1225 1849 provinciam,
1249 1765 1300 1828 vel

195 1867 334 1930 Siciliam
347 1869 398 1931 vel
411 1870 599 1933 Sardiniam.
613 1869 660 1932 ct.
678 1868 744 1931 Cic.
763 1871 854 1930 Verr.
871 1869 924 1942 lV,
953 1869 1005 1932 90.
1028 1871 1108 1931 Nam
1130 1869 1299 1931 verisimil-

196 1965 303 2028 limum
325 1978 388 2038 est,
411 1977 481 2048 post
501 1968 583 2027 hanc
604 1977 771 2047 praeturam
797 1978 829 2028 et
850 1966 978 2026 fortasse
999 1966 1039 2026 ob
1058 1967 1246 2029 frumentum
1266 1968 1299 2028 in

197 2063 307 2125 cellam
321 2064 505 2145 imperatum
517 2065 758 2145 repetundarum
773 2063 927 2124 actionem
940 2063 969 2123 ei
980 2065 1177 2136 intentatam,
1189 2065 1228 2126 dc
1237 2085 1298 2145 qna

196 2159 265 2221 Cic.
282 2161 344 2222 Pro
360 2161 457 2222 Balbo
480 2181 508 2223 c.
529 2163 560 2235 5,
576 2160 682 2222 Valer.
697 2161 780 2222 Max.
798 2162 843 2233 ll,
859 2161 909 2237 ¹0,
929 2162 958 2220 1.
976 2163 1048 2224 Post
1064 2162 1256 2223 consulatum
1268 2176 1300 2224 ct
1400 2180 1403 2194 ·

194 2255 310 2316 bellum
324 2259 558 2336 Jugnrthinum,
579 2259 660 2339 qnod
675 2257 729 2317 alii
748 2257 867 2332 uolunt,
886 2257 1000 2320 lactum
1014 2257 1041 2320 si
1057 2270 1138 2319 esset
1150 2257 1296 2338 hocjudi·

197 2353 289 2428 cium,
308 2354 441 2416 nobilius
455 2367 536 2430 erat,
553 2375 645 2436 qnam
660 2356 742 2435 qnod
759 2367 902 2418 tacerent
922 2369 1074 2418 unctores.
1092 2355 1206 2420 Consul
1228 2357 1292 2418 Me-

194 2451 285 2512 tellus
300 2451 357 2513 luit
370 2471 441 2512 cum
455 2453 494 2514 D.
520 2453 615 2514 Junio
635 2454 743 2516 Silano
763 2472 792 2514 a.
810 2452 885 2530 644,
902 2454 955 2534 qui
972 2453 1116 2516 Catulum
1135 2467 1298 2535 praetorcm

193 2546 314 2622 habuit,
339 2548 440 2609 tribus
460 2559 534 2609 ante
555 2549 718 2619 Rutilium,
735 2569 789 2614 sex
812 2564 885 2612 ante
904 2550 1048 2613 Catulum
1073 2551 1224 2624 consules,
1244 2551 1297 2630 qui

194 2641 355 2726 aliquoties
374 2646 489 2728 repulsi
510 2659 593 2709 sunt.
610 2647 770 2710 Hunorum
783 2650 922 2710 cumulus
935 2649 1065 2714 accessit
1079 2667 1212 2712 censura
1226 2669 1296 2712 cnm

192 2744 230 2808 C.
243 2745 368 2808 Metello
382 2748 423 2831 Q.
439 2749 634 2812 Macedonici
648 2747 712 2810 lilio
722 2759 807 2824 gesta
819 2747 864 2830 (a.
880 2750 972 2832 664).
987 2751 1197 2812 Meminerant
1204 2751 1295 2832 hujus

191 2863 328 2904 censurae
337 2844 472 2906 Velleius
482 2848 509 2918 1,
521 2842 651 2921 uncie.
661 2843 724 2906 Or.
735 2845 889 2922 prodomo
902 2865 932 2904 c.
949 2846 1001 2916 31,
1017 2847 1079 2906 Pro
1093 2847 1179 2909 Sem.
1192 2867 1221 2908 c.
1240 2849 1290 2922 16,

193 2943 246 3018 47,
260 2945 323 3006 Pro
338 2943 461 3008 Cluent.
480 2967 508 3008 c.
529 2945 580 3019 66,
598 2942 704 3004 Valcr.
721 2943 804 3004 Max.
822 2945 877 3016 lX,
889 2946 920 3018 l,
942 2945 975 3006 2.
994 2946 1033 3006 Et
1046 2946 1159 3010 Cicero
1171 2947 1293 3028 quidem

193 3039 357 3102 Glauciam
365 3052 398 3100 et
410 3039 611 3102 Saturninum
624 3039 852 3104 inimicissimos
859 3041 946 3117 inde,
965 3053 1087 3104 notatos
1097 3039 1201 3117 luisse,
1218 3043 1292 3124 quin

194 3136 354 3218 Appianas
368 3137 447 3200 Bell.
463 3138 533 3201 Civ.
556 3140 583 3216 l,
603 3135 655 3214 28,
688 3151 852 3220 utrumque
875 3153 984 3202 senatu
1003 3141 1187 3204 movendum
1200 3143 1292 3206 luisse

190 3233 320 3308 scribit,
343 3237 402 3298 nisi
426 3237 545 3316 collega
566 3237 745 3300 obstitisset.
762 3237 904 3302 Valerius
918 3259 955 3300 cx
983 3236 1137 3302 Cicerone
1150 3240 1208 3307 Or.
1232 3259 1290 3322 pro

189 3334 296 3399 Sextio
310 3336 332 3397 l.
355 3358 383 3400 c.
404 3339 490 3401 iuter
504 3340 642 3421 insignia
656 3339 838 3402 constantie
852 3342 994 3423 exempla
1010 3344 1106 3424 ponit·
1122 3345 1289 3419 Metellum,

191 3435 272 3514 quod
284 3432 323 3496 ub
338 3435 474 3514 Equitio,
491 3455 581 3518 quern
593 3436 736 3498 libertini
746 3439 870 3526 generis
885 3437 1042 3502 hominem
1059 3459 1116 3522 pro
1129 3441 1178 3502 Ti.
1190 3443 1291 3506 Grac·

190 3534 241 3596 chi
255 3533 319 3595 lilio
333 3533 454 3596 lactiosi
468 3535 683 3609 venditabant,
702 3555 828 3600 censum
847 3537 994 3600 noluisset
1010 3539 1166 3620 accipere,
1180 3540 1292 3622 lapidi-

189 3633 246 3696 bus
260 3635 404 3717 apopulo
415 3636 556 3718 petitum,
575 3633 776 3700 nihilominus
789 3637 823 3698 iu
836 3639 990 3700 sententia
1009 3639 1192 3722 perstitisse.
1209 3639 1291 3704 Coh-

193 3730 324 3794 sulatum
339 3733 453 3794 iterum
471 3748 580 3815 petens
596 3735 630 3796 iu
645 3753 761 3794 annum
778 3735 850 3812 653,
878 3750 911 3804 nt
932 3737 1133 3800 Saturninum
1147 3749 1180 3798 et
1197 3737 1291 3803 Glau-

186 3830 279 3902 ciam,
291 3831 506 3910 quurumaltcr
516 3831 669 3901 tribunus,
685 3844 798 3912 praetor
807 3832 886 3895 alter
895 3847 964 3896 erat
972 3835 1103 3906 iuturus,
1116 3835 1287 3914 frangeret,

188 3927 317 3988 aMario
337 3927 466 3989 inimico
490 3929 624 4010 pervim
643 3927 793 4009 dejectus,
820 3949 892 3992 mox
909 3933 1019 3996 horum
1038 3929 1178 3994 omnium
1198 3930 1233 3996 in
1255 3955 1288 3996 se

187 4022 321 4104 injurias
335 4027 500 4106 persensit.
523 4027 607 4109 Quin
622 4027 660 4086 de
671 4026 779 4090 exsilio
794 4047 834 4090 nc
849 4043 922 4092 nota
942 4049 1079 4107 narrem,
1097 4028 1223 4094 nonnisi
1235 4051 1288 4093 au·

190 4138 310 4188 ctorum
320 4126 391 4190 loca
406 4128 595 4201 memorabo,
611 4127 679 4191 Cic.
698 4131 759 4192 Pro
778 4132 863 4193 Sext.
885 4151 916 4192 c.
931 4132 981 4208 16,
996 4132 1064 4194 Liv.
1078 4133 1159 4215 Epit.
1177 4133 1288 4210 LXlX,

190 4224 242 4303 qui
255 4225 351 4290 otium
366 4247 436 4290 eum
450 4227 622 4292 literarium
637 4229 669 4292 in
685 4229 789 4292 exsilio
806 4227 957 4312 reperisse
972 4230 1095 4310 scribit3
1121 4230 1227 4300 Vellei.
1244 4233 1287 4306 ll,
