3212 5326
593 487 598 494 '
654 469 721 543 183

204 619 341 689 ’δεΙεοῐὶε,“
354 625 458 680 hostem
477 645 492 679 o
510 637 583 698 tergo
601 641 740 697 aggressus
760 637 801 678 est
818 637 845 679 et
862 635 961 688 terrore
981 623 1100 699 replerit.
1119 627 1152 680 V.
1173 629 1232 682 Lir.

207 709 642 782 xxxrv‚ts.n.nuo.p.roo.]
927 725 930 734 .

175 831 307 901 Censores]
316 833 382 888 Ceto
394 833 423 886 in
432 831 482 886 heo
493 845 568 906 parte
580 833 706 888 orationis
719 848 837 888 censure
850 853 905 888 sue
916 834 1047 899 meminit,
1058 835 1086 888 in
1098 854 1150 906 que
1159 857 1232 892 sere-

207 917 308 970 n'ssime
321 935 349 970 se
361 929 478 990 gesserat
490 929 519 970 et
530 915 629 971 multos
642 929 808 985 senatorum,
822 919 940 990 equitum
957 915 1122 990 aliorumque
1137 919 1233 974 civium

207 1001 277 1054 notis
289 1001 417 1056 censoriis
429 999 570 1054 affecerate
583 1011 745 1072 quapropter
754 1013 880 1074 expertus
890 1013 933 1056 est
944 1013 1036 1074 postea
1047 1013 1134 1055 natas
1143 1002 1232 1055 inimi-

207 1085 285 1141 oities
300 1097 329 1140 et
343 1083 533 1148 contumelias,
547 1083 791 1140 utnullunalituu
801 1085 923 1140 fatum
938 1103 1076 1140 eumne
1092 1085 1120 1138 id
1136 1100 1236 1140 mu

207 1186 314 1240 aspere,
333 1180 362 1222 et
378 1181 409 1222 ut
424 1167 515 1232 deeet,
531 1179 720 1222 exsecuturum
736 1185 800 1222 esse
810 1168 923 1233 tlioemt,
938 1168 1002 1239 quie
1017 1167 1098 1225 ainis
1113 1165 1235 1225 οᾱίοωω

206 1263 287 1304 esset.
301 1249 394 1302 Livius
411 1247 516 1323 quidem
530 1250 597 1304 dicit
610 1249 734 1316 XXXIX,
750 1251 799 1304 ll:
813 1251 919 1306 Nobilis
936 1251 1106 1320 eenturasur't
1116 1253 1235 1306 mana·

205 1338 319 1405 maique
332 1333 428 1405 plena,
443 1351 503 1406 qnoe
514 1333 560 1386 M.
574 1329 712 1402 Porciam,
729 1339 772 1388 oni
789 1337 914 1388 acerbitas
930 1353 962 1387 ea
980 1339 1170 1410 momatur,
1186 1354 1236 1408 per

207 1432 308 1470 omnem
318 1423 403 1470 vitam
415 1425 594 1470 exercuerunt.

178 1557 301 1623 OEtnru.
318 1560 363 1635 ΙΙ,
380 1577 412 1641 p.
426 1559 504 1624 197:
520 1558 598 1622 Cato
611 1558 690 1624 dier.
708 1558 787 1620 diet.
805 1557 836 1621 d.
854 1579 884 1622 o.
900 1569 972 1620 suot
985 1558 1099 1620 Omnia
1110 1559 1237 1620 muna

133 1656 226 1734 plena
231 1701 245 1732 ,
262 1656 360 1718 sianul
370 1655 503 1718 lonium
516 1660 615 1735 copiae
630 1675 755 1736 magnae
768 1669 874 1717 contm
887 1675 938 1716 me
951 1655 1112 1729 sedebant,
1130 1677 1234 1742 usque·

136 1777 252 1841 quaque
266 1755 502 1818 incessebamur.
529 1756 634 1818 Idem:
651 1757 775 1816 Interea
786 1756 874 1816 etad
891 1761 992 1818 socios
1003 1771 1121 1820 nostros
1134 1757 1237 1818 sedrdo

137 1854 364 1932 dispertiernm,
376 1852 441 1912 alio
445 1853 639 1932 sarmentum
641 1897 652 1926 ,
664 1852 726 1912 alio
740 1853 867 1933 legatos,
877 1851 941 1912 alio
951 1853 1070 1926 literas,
1082 1853 1142 1914 olo
1154 1873 1236 1932 proe·

136 1952 250 2010 sidium
263 1969 484 2036 usquequaque.

171 2103 304 2167 sedebant]
314 2100 333 2152 i.
344 2117 368 2153 e.
378 2111 464 2154 essu-e
475 2099 617 2154 habebunt.
632 2101 779 2169 Utrumque
791 2097 967 2170 numentum
979 2099 1011 2152 sd
1023 2099 1125 2152 bellum
1140 2101 1236 2174 Hispa-

208 2187 299 2239 nicum
308 2197 418 2258 spectet.
732 2225 734 2230 ·

178 2277 895 2396 mans.11,p.1oo=oouecoisu1nusu02
911 2313 972 2394 oo
986 2316 1137 2374 mon
1154 2319 1237 2372 «ω.
1311 2323 1313 2328 v

138 2413 192 2475 baa
203 2433 242 2473 ac
253 2417 404 2476 vicissim.

178 2512 302 2576 Charis.
314 2515 360 2590 11,
370 2514 492 2598 pont:
503 2514 581 2579 cato
591 2511 672 2576 dier.
683 2513 759 2576 dict.
770 2515 801 2574 d.
815 2534 844 2576 o.
857 2529 930 2575 suo:
941 2513 1043 2597 Atque
1052 2531 1238 2599 quamquam

139 2611 233 2671 mrdta
247 2633 322 2673 nova
336 2613 599 2693 miraculosecere
614 2615 733 2670 inimici
749 2614 822 2682 mei,
843 2624 946 2670 tannen
964 2629 1078 2694 nequeo
1098 2613 1239 2671 desinere

138 2713 252 2772 mirari
263 2733 373 2774 eorum
385 2715 547 2772 audaciam
561 2725 649 2796 atque
662 2711 886 2792 confidentiam.

172 2845 400 2920 ququuem10d.
409 2845 665 2918 Puerumque.

180 2967 305 3033 Charis.
326 2970 370 3046 ll,
386 2989 419 3052 p.
438 2969 497 3032 195
511 2991 520 3030 t
534 2965 678 3030 Ibidem:
694 2967 790 3028 Seeus
801 2981 923 3028 aetatem
934 2988 1072 3048 agerem,
1091 2991 1184 3053 qnam
1195 2972 1241 3033 illi
1266 2979 1311 3050 77

137 3075 287 3151 egissent.

173 3207 253 3278 quarn
267 3205 325 3274 illi]
346 3205 471 3279 suppleri
483 3219 571 3278 potest
584 3226 590 3257 ι
605 3207 660 3278 Ego
672 3204 772 3268 curari,
789 3217 821 3257 ut
832 3221 909 3257 serus
922 3216 1024 3260 {eutem
1036 3223 1150 3278 egerem,
1163 3225 1241 3280 quem

210 3291 312 3344 inimici
325 3290 386 3354 mei,
401 3303 433 3342 ut
443 3289 539 3351 Galba,
555 3289 661 3353 Furius,
676 3289 746 3351 Piso,
760 3288 887 3360 egissent.

181 3413 307 3479 Charis.
322 3415 364 3486 ll,
381 3433 413 3496 p.
432 3414 509 3478 179:
525 3411 663 3474 ibidem:
679 3411 720 3472 Ei
733 3416 779 3471 rei
788 3414 1007 3491 damonem,
1019 3428 1051 3472 nt
1061 3412 1241 3495 ‘mihifalso

141 3516 354 3581 onledtcntur.

165 3639 241 3708 'ent
252 3651 371 3718 nem]
389 3647 492 3701 insoni
503 3647 566 3700 met.

69 3807 74 3824 ν
183 3773 389 3836 Inserendum
404 3770 527 3834 videtur
543 3768 573 3833 ei
588 3767 725 3833 orationi
739 3771 957 3850 fragmentum,
975 3775 1056 3854 quod
1070 3796 1089 3836 a
1102 3775 1191 3840 Festo
1206 3799 1238 3838 v.

143 3873 233 3934 Oreae
246 3871 395 3952 vulgo'ltt.
410 3871 509 3935 Coelio
523 3867 712 3948 vindicatur,
729 3883 763 3931 ut
783 3867 816 3932 in
828 3869 869 3932 Μ.
888 3863 985 3936 Coelio
999 3873 1078 3934 Ruso
1090 3873 1237 3954 dicemus,

142 3990 173 4052 p.
193 3969 253 4034 194
269 3989 314 4050 sq.
329 3971 369 4031 Et
381 3965 442 4031 alia
456 3989 473 4030 e
488 3966 598 4033 Servio
612 3978 645 4029 et
655 3967 822 4030 Plutarcho
834 3963 918 4030 inira
927 3989 960 4051 p.
975 3971 1013 4032 87
1031 3982 1063 4032 et
1074 3971 1109 4034 91
1127 3992 1172 4054 sq.

184 4068 256 4130 Hoeo
275 4064 376 4130 oratio
398 4065 724 4130 commemorationem
749 4065 889 4128 eontinet
903 4083 1021 4141 eorum,
1044 4087 1112 4148 qum
1129 4068 1163 4132 in
1186 4071 1254 4158 Hi.¹

143 4165 252 4246 spania
265 4163 374 4227 musal
387 4183 471 4226 euno
486 4163 559 4240 558,
576 4179 642 4244 quae
655 4157 769 4226 deinde
782 4157 816 4222 in
827 4162 953 4226 Grecis
966 4175 1058 4244 atque
1072 4166 1147 4230 Asin
1155 4185 1238 4230 anno

146 4261 220 4334 562,
232 4274 387 4344 postremo
402 4259 435 4323 iu
451 4279 582 4324 censure
598 4277 680 4324 anno
692 4257 755 4323 569
769 4258 845 4322 Cato
859 4260 962 4339 gessit.
980 4261 1039 4325 Sed
1054 4263 1149 4330 iudex
1167 4285 1239 4329 orn-
