3288 5344
896 459 940 528 to

369 603 420 664 rei
444 611 558 662 nutura
573 600 668 672 nisus,
687 617 756 658 cum
779 599 920 681 exempla
938 597 1072 682 partium
1093 601 1128 662 in
1151 596 1343 662 oreuonitus
1357 599 1471 664 recisa·

368 721 439 763 rum
452 699 552 782 ponit,
575 695 951 780 ex'tempore‚'nonnullis
969 698 1144 760 actionibus
1165 699 1303 781 impenso
1321 701 1467 775 ostendit,

368 823 432 866 non
461 800 564 863 omnia
586 799 705 881 scripta
732 817 809 860 esse.
841 799 1180 863 VelutCorneliauam
1207 799 1371 882 quatriduo
1390 820 1468 862 *sese

368 903 465 981 egisse
480 898 632 980 scriptum
645 896 757 960 Cicero
770 896 908 977 reliquit.
928 901 971 958 dt
985 897 1070 960 nulla
1084 911 1132 960 est
1148 898 1240 961 bodie
1261 895 1373 974 oratio,
1401 919 1467 978 quae

368 1003 463 1066 trium
473 1004 621 1065 horarum
634 1013 756 1079 tempus
768 997 906 1080 impleat,
924 1019 981 1060 nec
996 1019 1088 1061 omne
1108 1011 1229 1082 tempus
1253 1000 1406 1080 reliquum
1423 1011 1467 1062 te·

367 1089 467 1164 stibus
479 1091 710 1177 interrogandis
724 1095 862 1178 impendi
870 1097 982 1181 potuit.
997 1100 1095 1160 Recte
1106 1098 1200 1160 etiam
1214 1095 1347 1175 Plinius,
1356 1097 1466 1170 Aliud,
1479 1166 1484 1182 ι

338 1213 339 1216 ’
367 1203 422 1276 ait,
441 1201 550 1259 bonum
560 1195 808 1263 essc'octt'onem,
822 1195 908 1252 aliud
920 1193 1030 1255 bonam
1044 1199 1226 1256 orationem.

411 1297 465 1360 st.
487 1297 595 1359 Genus
610 1292 779 1354 verborum
794 1311 813 1352 a
827 1291 979 1355 Cicerone
991 1295 1114 1354 demum
1129 1312 1215 1354 suam
1229 1291 1466 1373 accepitampli

365 1393 518 1462 tudinem,
541 1390 656 1452 Graecis
679 1391 772 1451 etiam
790 1387 918 1451 auribus
939 1391 1084 1469 dignam;
1110 1409 1210 1471 neque
1224 1401 1271 1450 est
1290 1390 1350 1451 hoc
1370 1391 1404 1450 in
1428 1391 1466 1452 iis

367 1491 533 1574 capitibus,
558 1505 624 1568 quae
642 1485 733 1548 hodie
751 1501 862 1566 egeant
875 1484 1021 1548 uberiore
1033 1487 1251 1568 disputatione.
1267 1485 1327 1548 Sed
1342 1488 1466 1550 credere

330 1663 332 1669 Ι
367 1609 431 1650 nou
450 1587 605 1658 debemus,
623 1591 807 1666 'quanquam
828 1584 937 1646 alienis
955 1585 1137 1666 plerumque
1158 1578 1345 1646 testimoniis
1368 1583 1466 1646 niten-

368 1689 520 1759 dum'est,
540 1701 647 1756 omues
671 1683 826 1744 Roman'os
841 1685 879 1743 ad
903 1683 1042 1744 eamdem
1056 1681 1224 1744 verborum
1247 1681 1370 1742 laudem
1387 1679 1465 1763 aspi·

366 1808 461 1851 rasse.
477 1787 545 1848 Hac
556 1784 621 1866 jam
636 1806 673 1847 ea
685 1786 723 1848 de
734 1805 827 1847 causa
837 1784 905 1846 fieri
919 1803 982 1848 nou
997 1785 1108 1868 potuit,
1125 1786 1206 1866 quod
1218 1781 1466 1862 generedicendi

366 1887 460 1969 plane
476 1883 599 1944 diversa
613 1871 720 1945 ebdem
734 1895 873 1964 tempore
887 1881 1046 1943 celebrata
1057 1894 1139 1944 sunt.
1156 1879 1279 1942 Asianis
1292 1877 1467 1942 oratoribus

366 1979 549 2046 Hortensius
567 1979 686 2051 similis,
705 1976 795 2061 copia
808 1991 840 2041 et
853 1980 1063 2042 redundantia
1079 1977 1247 2040 verborum
1267 1979 1358 2038 modo
1373 1991 1466 2038 tomo·

366 2103 446 2156 rem,
464 2081 555 2142 modo
566 2080 751 2157 exilitatem,
765 2077 992 2141 sententiarum
1012 2079 1128 2141 amictu
1147 2077 1235 2160 qnasi
1250 2077 1464 2138 vestientibus.

366 2161 481 2244 Calvus
497 2173 618 2238 Atticos
629 2188 822 2239 consectatus
840 2175 920 2238 nihil
930 2174 992 2238 nisi
1006 2177 1121 2240 siccum
1135 2188 1167 2237 at
1183 2193 1292 2236 sanum
1310 2173 1383 2234 dum
1396 2193 1466 2256 pro·

366 2277 475 2348 bahat,
492 2272 632 2353 quamuis
653 2269 772 2352 optima
790 2272 950 2333 voluntate
971 2291 1052 2354 saepe
1064 2272 1098 2333 in
1113 2270 1222 2333 inlelix
1237 2268 1314 2342 illud
1333 2291 1399 2334 sese
1414 2292 1466 2336 ca·

367 2370 543 2436 lumniaudi
556 2369 667 2430 vitium
685 2368 809 2445 incidit,
827 2391 887 2452 quo
902 2371 979 2433 nibil
990 2372 1133 2433 oratoriae
1143 2367 1310 2433 elocutioni
1322 2372 1469 2452 paranda

368 2469 510 2538 infestius
516 2465 635 2548 judicat
650 2464 838 2548 Quintil.·X,
856 2467 887 2540 3,
902 2467 941 2526 10
954 2494 963 2546 3
976 2467 1009 2544 4,
1025 2467 1054 2544 3,
1072 2467 1160 2528 alibi.
1182 2463 1268 2549 Quin
1281 2467 1416 2542 luerunt,
1436 2479 1468 2529 et

369 2570 404 2631 iu
422 2567 470 2630 his
484 2567 567 2628 idem
579 2564 712 2642 Calvus,
729 2577 772 2638 et,
794 2568 875 2646 quod
889 2563 1015 2629 difficile
1031 2568 1163 2641 creditu,
1186 2568 1310 2643 Brutus,
1326 2565 1467 2648 ¹quicum

308 2689 313 2705 ·
368 2669 463 2732 exiles
478 2679 510 2728 et
524 2677 632 2728 tenues
646 2667 837 2742 dicerentur,
857 2664 957 2750 ipsum
973 2666 1157 2730 Ciceronem
1175 2669 1306 2730 otiosum
1315 2680 1348 2730 et
1361 2688 1468 2732 exsan-

316 2804 321 2811 -
369 2785 460 2846 guam
483 2777 515 2827 ct
534 2763 688 2827 elumbem
709 2764 883 2846 culparent.
907 2767 966 2826 Hic
990 2778 1115 2839 tamen,
1137 2785 1208 2826 cum
1232 2765 1324 2848 paulo
1346 2766 1467 2847 plenior

369 2864 580 2926 Demosthene
598 2862 731 2924 medium
748 2882 849 2943 genus.
865 2861 1028 2944 eloquendi
1048 2875 1292 2937 consectaretur,
1307 2865 1340 2924 id
1353 2863 1467 2938 elicuit,
1486 2910 1489 2916 .

368 2980 403 3026 ut
416 2985 518 3046 neque
528 2963 562 3026 iu
575 2965 743 3044 grandibus
753 2964 847 3027 rebus
862 2965 968 3027 uerbis
982 2967 1101 3028 deesset
1112 2985 1167 3027 sua
1181 2965 1239 3039 vis,
1253 2958 1468 3047 nequepartae

368 3060 562 3146 proprietate
576 3075 731 3123 carerent.
755 3063 872 3122 Brutus*
886 3071 987 3120 autem
1001 3063 1072 3122 dum
1086 3062 1261 3124 castitatem
1278 3062 1467 3143 philosopho-

366 3180 438 3221 rum
455 3177 519 3220 non
534 3157 707 3219 allectatam
725 3159 899 3238 exprimere
921 3156 1047 3233 studuit,
1064 3161 1104 3220 ab
1123 3160 1300 3221 oratoribus
1313 3160 1467 3242 paulisper

368 3253 507 3324 recessit.
522 3251 705 3332 Sedpraeter
715 3253 774 3314 hoc
788 3253 822 3313 in
836 3254 968 3314 rebusct
982 3255 1147 3332 generibus
1158 3255 1284 3316 dicendi
1299 3253 1392 3317 situm
1409 3257 1465 3316 dis·

370 3351 490 3412 cumen
503 3347 587 3410 aliud
597 3345 632 3408 in
646 3346 750 3409 verbis
761 3345 835 3410 solis
854 3349 986 3430 positum
1001 3351 1286 3414 animadvertimus.
1300 3354 1372 3414 Jam
1382 3351 1476 3417 enim.

368 3450 508 3512 homiues
531 3448 566 3509 in
594 3443 848 3510 dicendo'minus
867 3462 1004 3512 versatos
1022 3451 1082 3511 alio
1106 3470 1219 3528 genere
1246 3472 1363 3532 parum
1385 3455 1466 3517 culto

368 3570 438 3614 tuos
449 3569 516 3612 esse
526 3565 652 3611 necesse
665 3560 721 3631 est.
745 3549 811 3610 Hoc
828 3549 865 3610 de
877 3549 1023 3632 Pompeio
1040 3561 1187 3632 arguunt,
1206 3569 1273 3630 quae
1285 3550 1319 3612 in
1336 3571 1465 3634 corpore

368 3649 574 3734 Epistularum
602 3646 764 3716 Ciceronis
793 3648 917 3712 insertae
944 3652 1089 3729 leguntur
1122 3651 1160 3712 ab
1186 3648 1240 3714 illo
1268 3647 1460 3735 conscriptae.

368 3749 490 3810 Deinde
498 3760 566 3810 orta
573 3757 621 3808 est
630 3742 683 3806 illo
691 3758 828 3826 tempore
836 3746 941 3828 inepta
951 3746 1194 3828 antiquariorum
1204 3764 1344 3827 κακοζηλία,
1352 3752 1397 3812 nil
1405 3750 1463 3812 nisi

367 3844 471 3924 prisca
489 3843 679 3913 mirantium,
693 3843 833 3904 recentia
845 3855 880 3902 ut
895 3843 1016 3925 abjecta
1034 3856 1066 3906 et
1084 3859 1195 3906 ornatu
1210 3849 1349 3912 carentia
1365 3867 1462 3930 asper·
1485 3915 1486 3920 .

368 3941 522 4000 nantium.
545 3942 585 4000 ln
598 3938 707 4020 quibus
728 3951 793 3998 tum
807 3939 986 4013 Sallustius,
1006 3954 1070 4002 tum
1086 3942 1201 4023 aliquot
1216 3943 1308 4006 annis
1327 3947 1462 4010 minores

367 4037 466 4099 Pollio
481 4033 614 4112 Asinius,
628 4035 663 4098 C.
681 4036 842 4109 mecenas,
859 4041 896 4098 L.
913 4039 1080 4102 Arruntius
1092 4059 1209 4103 summa
1220 4061 1346 4125 queque
1356 4041 1461 4106 videu-

367 4146 428 4211 tur¹
441 4131 590 4214 attigisse.
614 4136 654 4196 Et
673 4134 760 4195 illum
776 4135 898 4214 quidem
922 4137 1083 4217 aequalium
1103 4141 1302 4220 reprehensio
1328 4139 1459 4204 notauit.
1479 4186 1481 4192 ,

367 4235 466 4298 Pollio
480 4255 566 4311 vero,
583 4254 654 4299 cum
665 4232 841 4300 Sallustium
852 4249 886 4298 ut
900 4237 1142 4302 Catoniauorum
1154 4241 1319 4306 verborum
1344 4241 1459 4327 impru-
