<?xml version="1.0" encoding="UTF-8"?>
<!DOCTYPE html PUBLIC "-//W3C//DTD XHTML 1.0 Transitional//EN"
    "http://www.w3.org/TR/xhtml1/DTD/xhtml1-transitional.dtd">
<html xmlns="http://www.w3.org/1999/xhtml" xml:lang="en" lang="en">
 <head>
  <title>
</title>
<meta http-equiv="Content-Type" content="text/html;charset=utf-8" />
  <meta name='ocr-system' content='tesseract 3.04.00' />
  <meta name='ocr-capabilities' content='ocr_page ocr_carea ocr_par ocr_line ocrx_word'/>
</head>
<body>
  <div class='ocr_page' id='page_1' title='image "./oratorumromanor01meyegoog_0391.png"; bbox 0 0 3218 5320; ppageno 0'>
   <div class='ocr_carea' id='block_1_1' title="bbox 891 451 960 522">
    <p class='ocr_par' dir='ltr' id='par_1_1' title="bbox 891 451 960 522">
     <span class='ocr_line' id='line_1_1' title="bbox 891 451 960 522; baseline 0.014 -1"><span class='ocrx_word' id='word_1_1' title='bbox 891 451 960 522; x_wconf 79' lang='lat'><strong>370</strong></span> 
     </span>
    </p>
   </div>
   <div class='ocr_carea' id='block_1_2' title="bbox 276 583 1480 1168">
    <p class='ocr_par' dir='ltr' id='par_1_2' title="bbox 276 583 1480 770">
     <span class='ocr_line' id='line_1_2' title="bbox 276 583 1480 690; baseline 0.007 -43"><span class='ocrx_word' id='word_1_2' title='bbox 276 618 348 690; x_wconf 68' lang='lat'><strong>252</strong></span> <span class='ocrx_word' id='word_1_3' title='bbox 377 621 380 626; x_wconf 94' lang='lat'>·</span> <span class='ocrx_word' id='word_1_4' title='bbox 416 589 463 648; x_wconf 91' lang='lat' dir='ltr'><strong>Id.</strong></span> <span class='ocrx_word' id='word_1_5' title='bbox 480 587 535 663; x_wconf 88' lang='lat' dir='ltr'><strong>IX,</strong></span> <span class='ocrx_word' id='word_1_6' title='bbox 554 587 605 660; x_wconf 82' lang='lat'><strong>28,</strong></span> <span class='ocrx_word' id='word_1_7' title='bbox 628 590 667 650; x_wconf 81' lang='lat'><strong>5:</strong></span> <span class='ocrx_word' id='word_1_8' title='bbox 683 587 790 650; x_wconf 84' lang='lat' dir='ltr'><strong>Tertia</strong></span> <span class='ocrx_word' id='word_1_9' title='bbox 808 583 939 669; x_wconf 83' lang='lat' dir='ltr'><strong>epistola</strong></span> <span class='ocrx_word' id='word_1_10' title='bbox 960 589 1154 663; x_wconf 87' lang='lat' dir='ltr'><strong>continebat,</strong></span> <span class='ocrx_word' id='word_1_11' title='bbox 1171 607 1238 653; x_wconf 88' lang='lat' dir='ltr'><strong>esse</strong></span> <span class='ocrx_word' id='word_1_12' title='bbox 1251 589 1312 652; x_wconf 89' lang='lat' dir='ltr'><strong>tibi</strong></span> <span class='ocrx_word' id='word_1_13' title='bbox 1326 590 1480 656; x_wconf 75' lang='lat' dir='ltr'>redditam</span> 
     </span>
     <span class='ocr_line' id='line_1_3' title="bbox 372 683 1479 770; baseline 0.008 -24"><span class='ocrx_word' id='word_1_14' title='bbox 372 689 545 746; x_wconf 74' lang='lat' dir='ltr'><strong>orationem</strong></span> <span class='ocrx_word' id='word_1_15' title='bbox 555 705 614 764; x_wconf 83' lang='lat' dir='ltr'><strong>pro</strong></span> <span class='ocrx_word' id='word_1_16' title='bbox 635 683 747 754; x_wconf 72' lang='lat' dir='ltr'><strong>ceno,</strong></span> <span class='ocrx_word' id='word_1_17' title='bbox 765 703 893 767; x_wconf 87' lang='lat' dir='ltr'><strong>eamque</strong></span> <span class='ocrx_word' id='word_1_18' title='bbox 905 688 1005 748; x_wconf 84' lang='lat' dir='ltr'><strong>visum</strong></span> <span class='ocrx_word' id='word_1_19' title='bbox 1020 687 1216 766; x_wconf 80' lang='lat' dir='ltr'>uberiorem,</span> <span class='ocrx_word' id='word_1_20' title='bbox 1236 707 1329 770; x_wconf 92' lang='lat' dir='ltr'><strong>quam</strong></span> <span class='ocrx_word' id='word_1_21' title='bbox 1353 690 1479 754; x_wconf 81' lang='lat' dir='ltr'><strong>dicente</strong></span> 
     </span>
    </p>

    <p class='ocr_par' dir='ltr' id='par_1_3' title="bbox 368 785 1479 1168">
     <span class='ocr_line' id='line_1_4' title="bbox 372 785 1408 862; baseline 0.004 -12"><span class='ocrx_word' id='word_1_22' title='bbox 372 808 433 862; x_wconf 89' lang='lat' dir='ltr'><strong>me,</strong></span> <span class='ocrx_word' id='word_1_23' title='bbox 450 785 594 848; x_wconf 79' lang='lat' dir='ltr'><strong>audiente</strong></span> <span class='ocrx_word' id='word_1_24' title='bbox 608 785 757 848; x_wconf 80' lang='lat' dir='ltr'><strong>tefuerit.</strong></span> <span class='ocrx_word' id='word_1_25' title='bbox 1404 843 1408 854; x_wconf 93' lang='lat'><strong>.</strong></span> 
     </span>
     <span class='ocr_line' id='line_1_5' title="bbox 412 879 1478 966; baseline 0.007 -19"><span class='ocrx_word' id='word_1_26' title='bbox 412 883 558 947; x_wconf 89' lang='lat' dir='ltr'><strong>Sidonius</strong></span> <span class='ocrx_word' id='word_1_27' title='bbox 572 883 709 966; x_wconf 80' lang='lat' dir='ltr'><strong>Apollin.</strong></span> <span class='ocrx_word' id='word_1_28' title='bbox 736 879 833 966; x_wconf 81' lang='lat' dir='ltr'>Epist.</span> <span class='ocrx_word' id='word_1_29' title='bbox 851 887 944 958; x_wconf 84' lang='lat' dir='ltr'>VIII,</span> <span class='ocrx_word' id='word_1_30' title='bbox 971 885 1009 946; x_wconf 86' lang='lat'><strong>10</strong></span> <span class='ocrx_word' id='word_1_31' title='bbox 1024 907 1032 946; x_wconf 75' lang='grc' dir='ltr'>ι</span> <span class='ocrx_word' id='word_1_32' title='bbox 1050 885 1094 946; x_wconf 89' lang='grc' dir='ltr'><strong>Μ.</strong></span> <span class='ocrx_word' id='word_1_33' title='bbox 1119 885 1237 950; x_wconf 89' lang='lat' dir='ltr'><strong>Tullius</strong></span> <span class='ocrx_word' id='word_1_34' title='bbox 1256 887 1291 948; x_wconf 92' lang='lat' dir='ltr'><strong>in</strong></span> <span class='ocrx_word' id='word_1_35' title='bbox 1304 887 1478 954; x_wconf 74' lang='lat' dir='ltr'><strong>actionibus</strong></span> 
     </span>
     <span class='ocr_line' id='line_1_6' title="bbox 371 983 1478 1068; baseline 0.005 -20"><span class='ocrx_word' id='word_1_36' title='bbox 371 983 483 1048; x_wconf 85' lang='lat' dir='ltr'><strong>ceteris</strong></span> <span class='ocrx_word' id='word_1_37' title='bbox 491 996 624 1060; x_wconf 87' lang='lat' dir='ltr'><strong>eeteros,</strong></span> <span class='ocrx_word' id='word_1_38' title='bbox 641 1004 698 1062; x_wconf 87' lang='lat' dir='ltr'><strong>pro</strong></span> <span class='ocrx_word' id='word_1_39' title='bbox 714 983 760 1046; x_wconf 82' lang='lat' dir='ltr'><strong>A.</strong></span> <span class='ocrx_word' id='word_1_40' title='bbox 779 985 915 1045; x_wconf 68' lang='lat' dir='ltr'><strong>Cluentio</strong></span> <span class='ocrx_word' id='word_1_41' title='bbox 925 986 991 1068; x_wconf 86' lang='lat' dir='ltr'><strong>ipsc</strong></span> <span class='ocrx_word' id='word_1_42' title='bbox 1005 1006 1039 1048; x_wconf 87' lang='lat' dir='ltr'><strong>se</strong></span> <span class='ocrx_word' id='word_1_43' title='bbox 1051 985 1140 1048; x_wconf 84' lang='lat' dir='ltr'><strong>vicit.</strong></span> <span class='ocrx_word' id='word_1_44' title='bbox 1155 988 1199 1046; x_wconf 89' lang='lat' dir='ltr'><strong>M.</strong></span> <span class='ocrx_word' id='word_1_45' title='bbox 1214 989 1332 1049; x_wconf 77' lang='lat' dir='ltr'><strong>Fronto</strong></span> <span class='ocrx_word' id='word_1_46' title='bbox 1346 1007 1418 1050; x_wconf 91' lang='lat' dir='ltr'><strong>cum</strong></span> <span class='ocrx_word' id='word_1_47' title='bbox 1430 1011 1478 1053; x_wconf 90' lang='lat' dir='ltr'><strong>re·</strong></span> 
     </span>
     <span class='ocr_line' id='line_1_7' title="bbox 368 1081 1479 1168; baseline 0.003 -25"><span class='ocrx_word' id='word_1_48' title='bbox 368 1081 461 1164; x_wconf 91' lang='lat' dir='ltr'><strong>liquis</strong></span> <span class='ocrx_word' id='word_1_49' title='bbox 476 1081 670 1145; x_wconf 89' lang='lat' dir='ltr'><strong>orationibus</strong></span> <span class='ocrx_word' id='word_1_50' title='bbox 681 1083 846 1159; x_wconf 86' lang='lat' dir='ltr'><strong>emineret,</strong></span> <span class='ocrx_word' id='word_1_51' title='bbox 863 1088 896 1141; x_wconf 82' lang='lat' dir='ltr'><strong>in</strong></span> <span class='ocrx_word' id='word_1_52' title='bbox 906 1085 1055 1163; x_wconf 83' lang='lat' dir='ltr'><strong>Pelopem</strong></span> <span class='ocrx_word' id='word_1_53' title='bbox 1068 1104 1101 1146; x_wconf 87' lang='lat' dir='ltr'><strong>se</strong></span> <span class='ocrx_word' id='word_1_54' title='bbox 1115 1083 1175 1146; x_wconf 87' lang='lat' dir='ltr'><strong>sibi</strong></span> <span class='ocrx_word' id='word_1_55' title='bbox 1196 1083 1342 1168; x_wconf 86' lang='lat' dir='ltr'><strong>praetulit.</strong></span> <span class='ocrx_word' id='word_1_56' title='bbox 1363 1086 1399 1148; x_wconf 85' lang='lat' dir='ltr'><strong>C.</strong></span> <span class='ocrx_word' id='word_1_57' title='bbox 1415 1087 1479 1146; x_wconf 84' lang='lat' dir='ltr'><strong>Pli-</strong></span> 
     </span>
    </p>
   </div>
   <div class='ocr_carea' id='block_1_3' title="bbox 365 1195 1475 1480">
    <p class='ocr_par' dir='ltr' id='par_1_4' title="bbox 365 1195 1475 1480">
     <span class='ocr_line' id='line_1_8' title="bbox 368 1195 1475 1282; baseline 0.009 -28"><span class='ocrx_word' id='word_1_58' title='bbox 368 1203 437 1258; x_wconf 81' lang='lat' dir='ltr'><strong>nius</strong></span> <span class='ocrx_word' id='word_1_59' title='bbox 452 1218 511 1278; x_wconf 89' lang='lat' dir='ltr'><strong>pro</strong></span> <span class='ocrx_word' id='word_1_60' title='bbox 534 1198 622 1276; x_wconf 75' lang='grc' dir='ltr'><strong>ᾼιιία</strong></span> <span class='ocrx_word' id='word_1_61' title='bbox 642 1195 766 1259; x_wconf 78' lang='lat' dir='ltr'><strong>Viriola</strong></span> <span class='ocrx_word' id='word_1_62' title='bbox 778 1198 965 1282; x_wconf 83' lang='lat' dir='ltr'><strong>plusglorioe</strong></span> <span class='ocrx_word' id='word_1_63' title='bbox 978 1200 1016 1262; x_wconf 90' lang='lat' dir='ltr'><strong>de</strong></span> <span class='ocrx_word' id='word_1_64' title='bbox 1035 1195 1255 1261; x_wconf 80' lang='lat' dir='ltr'><strong>centumvirali</strong></span> <span class='ocrx_word' id='word_1_65' title='bbox 1266 1215 1410 1280; x_wconf 86' lang='lat' dir='ltr'><strong>suggestu</strong></span> <span class='ocrx_word' id='word_1_66' title='bbox 1424 1205 1475 1265; x_wconf 93' lang='lat' dir='ltr'><strong>do·</strong></span> 
     </span>
     <span class='ocr_line' id='line_1_9' title="bbox 366 1298 1474 1384; baseline 0.006 -24"><span class='ocrx_word' id='word_1_67' title='bbox 366 1319 450 1360; x_wconf 89' lang='lat' dir='ltr'><strong>mum</strong></span> <span class='ocrx_word' id='word_1_68' title='bbox 465 1299 584 1371; x_wconf 90' lang='lat' dir='ltr'><strong>retulit,</strong></span> <span class='ocrx_word' id='word_1_69' title='bbox 605 1318 697 1380; x_wconf 88' lang='lat' dir='ltr'><strong>quam</strong></span> <span class='ocrx_word' id='word_1_70' title='bbox 707 1318 778 1360; x_wconf 87' lang='lat' dir='ltr'><strong>cum</strong></span> <span class='ocrx_word' id='word_1_71' title='bbox 788 1303 831 1362; x_wconf 88' lang='lat' dir='ltr'><strong>M.</strong></span> <span class='ocrx_word' id='word_1_72' title='bbox 844 1301 951 1382; x_wconf 85' lang='lat' dir='ltr'><strong>Ulpio,</strong></span> <span class='ocrx_word' id='word_1_73' title='bbox 970 1299 1211 1383; x_wconf 81' lang='lat' dir='ltr'><strong>incomparabili</strong></span> <span class='ocrx_word' id='word_1_74' title='bbox 1224 1298 1375 1384; x_wconf 86' lang='lat' dir='ltr'><strong>principi,</strong></span> <span class='ocrx_word' id='word_1_75' title='bbox 1391 1323 1474 1366; x_wconf 92' lang='lat' dir='ltr'><strong>com·</strong></span> 
     </span>
     <span class='ocr_line' id='line_1_10' title="bbox 365 1395 885 1480; baseline 0 -22"><span class='ocrx_word' id='word_1_76' title='bbox 365 1397 539 1480; x_wconf 86' lang='lat' dir='ltr'><strong>parabilem</strong></span> <span class='ocrx_word' id='word_1_77' title='bbox 552 1395 784 1480; x_wconf 80' lang='lat' dir='ltr'><strong>Panegyricum</strong></span> <span class='ocrx_word' id='word_1_78' title='bbox 796 1396 885 1458; x_wconf 86' lang='lat' dir='ltr'><strong>dixit.</strong></span> 
     </span>
    </p>
   </div>
   <div class='ocr_carea' id='block_1_4' title="bbox 367 1558 1072 1634">
    <p class='ocr_par' dir='ltr' id='par_1_5' title="bbox 367 1558 1072 1634">
     <span class='ocr_line' id='line_1_11' title="bbox 367 1558 1072 1634; baseline -0.009 -19"><span class='ocrx_word' id='word_1_79' title='bbox 367 1571 370 1578; x_wconf 85' lang='grc'><em>·</em></span> <span class='ocrx_word' id='word_1_80' title='bbox 401 1559 515 1629; x_wconf 70' lang='lat' dir='ltr'><strong>Viriola]</strong></span> <span class='ocrx_word' id='word_1_81' title='bbox 537 1561 679 1634; x_wconf 82' lang='lat' dir='ltr'><strong>legendum</strong></span> <span class='ocrx_word' id='word_1_82' title='bbox 692 1558 810 1624; x_wconf 79' lang='lat' dir='ltr'><strong>Variola,</strong></span> <span class='ocrx_word' id='word_1_83' title='bbox 827 1571 856 1614; x_wconf 87' lang='lat' dir='ltr'><strong>ut</strong></span> <span class='ocrx_word' id='word_1_84' title='bbox 873 1577 951 1631; x_wconf 82' lang='lat' dir='ltr'><strong>supra</strong></span> <span class='ocrx_word' id='word_1_85' title='bbox 966 1579 994 1631; x_wconf 84' lang='lat' dir='ltr'><strong>p.</strong></span> <span class='ocrx_word' id='word_1_86' title='bbox 1011 1560 1072 1612; x_wconf 71' lang='lat'><strong>250.</strong></span> 
     </span>
    </p>
   </div>
   <div class='ocr_carea' id='block_1_5' title="bbox 360 1709 1599 2098">
    <p class='ocr_par' dir='ltr' id='par_1_6' title="bbox 360 1709 1599 2098">
     <span class='ocr_line' id='line_1_12' title="bbox 403 1709 1470 1793; baseline 0.003 -22"><span class='ocrx_word' id='word_1_87' title='bbox 403 1710 544 1773; x_wconf 84' lang='lat' dir='ltr'><strong>Maerob.</strong></span> <span class='ocrx_word' id='word_1_88' title='bbox 559 1709 624 1773; x_wconf 88' lang='lat' dir='ltr'><strong>Sat.</strong></span> <span class='ocrx_word' id='word_1_89' title='bbox 638 1713 678 1785; x_wconf 89' lang='lat' dir='ltr'><strong>V,</strong></span> <span class='ocrx_word' id='word_1_90' title='bbox 696 1712 710 1770; x_wconf 94' lang='grc'><strong>1</strong></span> <span class='ocrx_word' id='word_1_91' title='bbox 727 1731 736 1770; x_wconf 82' lang='grc'><strong>1</strong></span> <span class='ocrx_word' id='word_1_92' title='bbox 751 1711 894 1793; x_wconf 88' lang='lat' dir='ltr'><strong>Quatuor</strong></span> <span class='ocrx_word' id='word_1_93' title='bbox 908 1723 981 1772; x_wconf 84' lang='lat' dir='ltr'><strong>sunt</strong></span> <span class='ocrx_word' id='word_1_94' title='bbox 994 1709 1251 1790; x_wconf 84' lang='lat' dir='ltr'><strong>generedicendi</strong></span> <span class='ocrx_word' id='word_1_95' title='bbox 1266 1733 1274 1772; x_wconf 85' lang='lat'><em>=</em></span> <span class='ocrx_word' id='word_1_96' title='bbox 1290 1717 1470 1792; x_wconf 79' lang='lat' dir='ltr'><strong>copiosum,</strong></span> 
     </span>
     <span class='ocr_line' id='line_1_13' title="bbox 361 1809 1469 1892; baseline 0.002 -20"><span class='ocrx_word' id='word_1_97' title='bbox 361 1813 395 1873; x_wconf 93' lang='lat' dir='ltr'><strong>in</strong></span> <span class='ocrx_word' id='word_1_98' title='bbox 407 1832 467 1892; x_wconf 93' lang='lat' dir='ltr'><strong>quo</strong></span> <span class='ocrx_word' id='word_1_99' title='bbox 480 1811 592 1874; x_wconf 88' lang='lat' dir='ltr'><strong>Cicero</strong></span> <span class='ocrx_word' id='word_1_100' title='bbox 603 1811 792 1886; x_wconf 86' lang='lat' dir='ltr'><strong>dominatur,</strong></span> <span class='ocrx_word' id='word_1_101' title='bbox 806 1811 906 1888; x_wconf 78' lang='lat' dir='ltr'><strong>breue,</strong></span> <span class='ocrx_word' id='word_1_102' title='bbox 918 1809 952 1872; x_wconf 91' lang='lat' dir='ltr'><strong>in</strong></span> <span class='ocrx_word' id='word_1_103' title='bbox 963 1832 1022 1892; x_wconf 91' lang='lat' dir='ltr'><strong>quo</strong></span> <span class='ocrx_word' id='word_1_104' title='bbox 1028 1811 1189 1874; x_wconf 88' lang='lat' dir='ltr'><strong>Sallustius</strong></span> <span class='ocrx_word' id='word_1_105' title='bbox 1198 1825 1321 1892; x_wconf 82' lang='lat' dir='ltr'><strong>regnat,</strong></span> <span class='ocrx_word' id='word_1_106' title='bbox 1337 1819 1469 1890; x_wconf 81' lang='lat' dir='ltr'><strong>siccum,</strong></span> 
     </span>
     <span class='ocr_line' id='line_1_14' title="bbox 362 1911 1472 1997; baseline 0.002 -24"><span class='ocrx_word' id='word_1_107' title='bbox 362 1913 442 1992; x_wconf 84' lang='lat' dir='ltr'><strong>quod</strong></span> <span class='ocrx_word' id='word_1_108' title='bbox 462 1913 616 1974; x_wconf 88' lang='lat' dir='ltr'><strong>Frontoni</strong></span> <span class='ocrx_word' id='word_1_109' title='bbox 632 1912 833 1984; x_wconf 80' lang='lat' dir='ltr'><strong>adscribitur,</strong></span> <span class='ocrx_word' id='word_1_110' title='bbox 858 1917 975 1992; x_wconf 81' lang='lat' dir='ltr'><strong>pingue</strong></span> <span class='ocrx_word' id='word_1_111' title='bbox 993 1928 1024 1972; x_wconf 83' lang='lat' dir='ltr'><strong>et</strong></span> <span class='ocrx_word' id='word_1_112' title='bbox 1027 1911 1198 1992; x_wconf 84' lang='lat' dir='ltr'><strong>floridum,</strong></span> <span class='ocrx_word' id='word_1_113' title='bbox 1216 1920 1251 1980; x_wconf 76' lang='lat' dir='ltr'><strong>‚tit</strong></span> <span class='ocrx_word' id='word_1_114' title='bbox 1271 1935 1329 1997; x_wconf 81' lang='lat' dir='ltr'><strong>quo</strong></span> <span class='ocrx_word' id='word_1_115' title='bbox 1350 1914 1472 1975; x_wconf 78' lang='lat' dir='ltr'><strong>Plinius</strong></span> 
     </span>
     <span class='ocr_line' id='line_1_15' title="bbox 360 2014 1599 2098; baseline 0.003 -26"><span class='ocrx_word' id='word_1_116' title='bbox 360 2014 516 2073; x_wconf 84' lang='lat' dir='ltr'><strong>Secundus</strong></span> <span class='ocrx_word' id='word_1_117' title='bbox 526 2015 692 2096; x_wconf 90' lang='lat' dir='ltr'><strong>qnondam,</strong></span> <span class='ocrx_word' id='word_1_118' title='bbox 709 2028 742 2076; x_wconf 84' lang='lat' dir='ltr'><strong>et</strong></span> <span class='ocrx_word' id='word_1_119' title='bbox 754 2035 838 2076; x_wconf 91' lang='lat' dir='ltr'><strong>nunc</strong></span> <span class='ocrx_word' id='word_1_120' title='bbox 855 2015 939 2078; x_wconf 91' lang='lat' dir='ltr'><strong>nullo</strong></span> <span class='ocrx_word' id='word_1_121' title='bbox 949 2025 1088 2076; x_wconf 87' lang='lat' dir='ltr'><strong>veterum</strong></span> <span class='ocrx_word' id='word_1_122' title='bbox 1097 2015 1202 2078; x_wconf 88' lang='lat' dir='ltr'><strong>minor</strong></span> <span class='ocrx_word' id='word_1_123' title='bbox 1213 2025 1318 2078; x_wconf 89' lang='lat' dir='ltr'><strong>noster</strong></span> <span class='ocrx_word' id='word_1_124' title='bbox 1326 2015 1469 2098; x_wconf 87' lang='lat' dir='ltr'><strong>Symma-</strong></span> <span class='ocrx_word' id='word_1_125' title='bbox 1598 2069 1599 2076; x_wconf 71' lang='grc'>,</span> 
     </span>
    </p>
   </div>
   <div class='ocr_carea' id='block_1_6' title="bbox 357 2116 1599 2692">
    <p class='ocr_par' dir='ltr' id='par_1_7' title="bbox 360 2116 1110 2178">
     <span class='ocr_line' id='line_1_16' title="bbox 360 2116 1110 2178; baseline -0.004 0"><span class='ocrx_word' id='word_1_126' title='bbox 360 2117 436 2178; x_wconf 88' lang='lat' dir='ltr'><strong>chus</strong></span> <span class='ocrx_word' id='word_1_127' title='bbox 444 2116 631 2176; x_wconf 72' lang='lat' dir='ltr'><strong>decutiatur.</strong></span> <span class='ocrx_word' id='word_1_128' title='bbox 1107 2149 1110 2158; x_wconf 58' lang='lat'><strong>.</strong></span> 
     </span>
    </p>

    <p class='ocr_par' dir='ltr' id='par_1_8' title="bbox 357 2210 1599 2692">
     <span class='ocr_line' id='line_1_17' title="bbox 401 2210 1599 2296; baseline 0.003 -21"><span class='ocrx_word' id='word_1_129' title='bbox 401 2215 494 2275; x_wconf 83' lang='lat' dir='ltr'><strong>Illart.</strong></span> <span class='ocrx_word' id='word_1_130' title='bbox 511 2211 640 2295; x_wconf 86' lang='lat' dir='ltr'><strong>Capella</strong></span> <span class='ocrx_word' id='word_1_131' title='bbox 657 2214 706 2275; x_wconf 84' lang='lat' dir='ltr'><strong>De</strong></span> <span class='ocrx_word' id='word_1_132' title='bbox 726 2213 848 2275; x_wconf 85' lang='lat' dir='ltr'><strong>rhetor.</strong></span> <span class='ocrx_word' id='word_1_133' title='bbox 872 2233 904 2296; x_wconf 84' lang='lat' dir='ltr'><strong>p.</strong></span> <span class='ocrx_word' id='word_1_134' title='bbox 922 2210 985 2275; x_wconf 79' lang='lat'><strong>410</strong></span> <span class='ocrx_word' id='word_1_135' title='bbox 1006 2213 1055 2274; x_wconf 88' lang='lat' dir='ltr'><strong>ed.</strong></span> <span class='ocrx_word' id='word_1_136' title='bbox 1079 2211 1302 2294; x_wconf 62' lang='lat' dir='ltr'><strong>capperonnn</strong></span> <span class='ocrx_word' id='word_1_137' title='bbox 1323 2213 1402 2274; x_wconf 85' lang='lat' dir='ltr'><strong>Post</strong></span> <span class='ocrx_word' id='word_1_138' title='bbox 1414 2213 1469 2275; x_wconf 88' lang='lat' dir='ltr'><strong>bos</strong></span> <span class='ocrx_word' id='word_1_139' title='bbox 1598 2273 1599 2278; x_wconf 73' lang='grc'>,</span> 
     </span>
     <span class='ocr_line' id='line_1_18' title="bbox 362 2311 1469 2396; baseline 0.001 -21"><span class='ocrx_word' id='word_1_140' title='bbox 362 2328 469 2376; x_wconf 86' lang='lat' dir='ltr'><strong>tamen</strong></span> <span class='ocrx_word' id='word_1_141' title='bbox 482 2313 517 2373; x_wconf 89' lang='lat' dir='ltr'><strong>in</strong></span> <span class='ocrx_word' id='word_1_142' title='bbox 530 2314 662 2375; x_wconf 85' lang='lat' dir='ltr'><strong>dirersis</strong></span> <span class='ocrx_word' id='word_1_143' title='bbox 676 2311 852 2390; x_wconf 77' lang='lat' dir='ltr'><strong>agminibus</strong></span> <span class='ocrx_word' id='word_1_144' title='bbox 865 2326 1005 2375; x_wconf 83' lang='lat' dir='ltr'><strong>oratores</strong></span> <span class='ocrx_word' id='word_1_145' title='bbox 1016 2313 1140 2376; x_wconf 86' lang='lat' dir='ltr'><strong>emeriti</strong></span> <span class='ocrx_word' id='word_1_146' title='bbox 1154 2332 1194 2376; x_wconf 86' lang='lat' dir='ltr'><strong>ae</strong></span> <span class='ocrx_word' id='word_1_147' title='bbox 1206 2332 1270 2396; x_wconf 85' lang='lat' dir='ltr'><strong>prae</strong></span> <span class='ocrx_word' id='word_1_148' title='bbox 1284 2333 1317 2374; x_wconf 88' lang='lat' dir='ltr'><strong>se</strong></span> <span class='ocrx_word' id='word_1_149' title='bbox 1330 2313 1469 2376; x_wconf 79' lang='lat' dir='ltr'><strong>ferentes</strong></span> 
     </span>
     <span class='ocr_line' id='line_1_19' title="bbox 357 2407 1463 2490; baseline 0 -18"><span class='ocrx_word' id='word_1_150' title='bbox 357 2411 525 2488; x_wconf 87' lang='lat' dir='ltr'><strong>insignium</strong></span> <span class='ocrx_word' id='word_1_151' title='bbox 540 2411 663 2472; x_wconf 88' lang='lat' dir='ltr'><strong>eulmen</strong></span> <span class='ocrx_word' id='word_1_152' title='bbox 684 2410 856 2490; x_wconf 87' lang='lat' dir='ltr'><strong>meritaque</strong></span> <span class='ocrx_word' id='word_1_153' title='bbox 870 2407 1047 2489; x_wconf 89' lang='lat' dir='ltr'><strong>linguarum</strong></span> <span class='ocrx_word' id='word_1_154' title='bbox 1067 2407 1256 2482; x_wconf 75' lang='lat' dir='ltr'><strong>AEschinem,</strong></span> <span class='ocrx_word' id='word_1_155' title='bbox 1281 2413 1463 2485; x_wconf 87' lang='lat' dir='ltr'><strong>Isocratem,</strong></span> 
     </span>
     <span class='ocr_line' id='line_1_20' title="bbox 358 2502 1463 2594; baseline -0.004 -22"><span class='ocrx_word' id='word_1_156' title='bbox 358 2509 547 2594; x_wconf 74' lang='lat' dir='ltr'><strong>Lyciamque</strong></span> <span class='ocrx_word' id='word_1_157' title='bbox 561 2502 760 2590; x_wconf 77' lang='lat' dir='ltr'><strong>conspiceres</strong></span> <span class='ocrx_word' id='word_1_158' title='bbox 772 2519 863 2583; x_wconf 60' lang='lat' dir='ltr'><strong>atum</strong></span> <span class='ocrx_word' id='word_1_159' title='bbox 876 2509 911 2569; x_wconf 90' lang='lat' dir='ltr'><strong>in</strong></span> <span class='ocrx_word' id='word_1_160' title='bbox 931 2504 1044 2587; x_wconf 83' lang='lat' dir='ltr'><strong>togatis</strong></span> <span class='ocrx_word' id='word_1_161' title='bbox 1058 2507 1234 2588; x_wconf 80' lang='lat' dir='ltr'><strong>agminibus</strong></span> <span class='ocrx_word' id='word_1_162' title='bbox 1243 2507 1429 2590; x_wconf 78' lang='grc'><strong>8111111111(</strong></span> <span class='ocrx_word' id='word_1_163' title='bbox 1443 2509 1463 2590; x_wconf 88' lang='lat'><strong>),</strong></span> 
     </span>
     <span class='ocr_line' id='line_1_21' title="bbox 358 2603 1187 2692; baseline -0.007 -20"><span class='ocrx_word' id='word_1_164' title='bbox 358 2608 532 2680; x_wconf 86' lang='lat' dir='ltr'><strong>Gracchos,</strong></span> <span class='ocrx_word' id='word_1_165' title='bbox 546 2605 697 2685; x_wconf 86' lang='lat' dir='ltr'><strong>Regulum</strong></span> <span class='ocrx_word' id='word_1_166' title='bbox 707 2603 756 2692; x_wconf 75' lang='lat' dir='ltr'><strong>(l),</strong></span> <span class='ocrx_word' id='word_1_167' title='bbox 772 2605 908 2668; x_wconf 88' lang='lat' dir='ltr'><strong>Plinium</strong></span> <span class='ocrx_word' id='word_1_168' title='bbox 924 2606 1187 2686; x_wconf 87' lang='lat' dir='ltr'><strong>Frontonemque.</strong></span> 
     </span>
    </p>
   </div>
   <div class='ocr_carea' id='block_1_7' title="bbox 391 2763 1461 2918">
    <p class='ocr_par' dir='ltr' id='par_1_9' title="bbox 391 2763 1461 2918">
     <span class='ocr_line' id='line_1_22' title="bbox 391 2763 1461 2844; baseline -0.001 -20"><span class='ocrx_word' id='word_1_169' title='bbox 391 2771 538 2844; x_wconf 78' lang='lat' dir='ltr'><strong>Regulum]</strong></span> <span class='ocrx_word' id='word_1_170' title='bbox 553 2779 598 2822; x_wconf 73' lang='lat' dir='ltr'><strong>un·</strong></span> <span class='ocrx_word' id='word_1_171' title='bbox 612 2767 664 2822; x_wconf 88' lang='lat' dir='ltr'><strong>erit</strong></span> <span class='ocrx_word' id='word_1_172' title='bbox 680 2763 876 2842; x_wconf 80' lang='lat' dir='ltr'><strong>intelligendus</strong></span> <span class='ocrx_word' id='word_1_173' title='bbox 887 2767 933 2822; x_wconf 88' lang='lat' dir='ltr'><strong>illc</strong></span> <span class='ocrx_word' id='word_1_174' title='bbox 948 2782 1042 2833; x_wconf 87' lang='lat' dir='ltr'><strong>orator,</strong></span> <span class='ocrx_word' id='word_1_175' title='bbox 1055 2787 1133 2840; x_wconf 86' lang='lat' dir='ltr'><strong>quem</strong></span> <span class='ocrx_word' id='word_1_176' title='bbox 1147 2769 1252 2823; x_wconf 84' lang='lat' dir='ltr'><strong>Plinius</strong></span> <span class='ocrx_word' id='word_1_177' title='bbox 1270 2767 1363 2822; x_wconf 87' lang='lat' dir='ltr'><strong>laudat</strong></span> <span class='ocrx_word' id='word_1_178' title='bbox 1375 2769 1461 2841; x_wconf 86' lang='lat' dir='ltr'><strong>Epist.</strong></span> 
     </span>
     <span class='ocr_line' id='line_1_23' title="bbox 425 2853 583 2918; baseline -0.013 -12"><span class='ocrx_word' id='word_1_179' title='bbox 425 2855 447 2918; x_wconf 88' lang='lat' dir='ltr'><strong>I,</strong></span> <span class='ocrx_word' id='word_1_180' title='bbox 462 2855 507 2917; x_wconf 74' lang='lat'><strong>20,</strong></span> <span class='ocrx_word' id='word_1_181' title='bbox 526 2853 583 2905; x_wconf 77' lang='lat' dir='ltr'><strong>ld?</strong></span> 
     </span>
    </p>
   </div>
   <div class='ocr_carea' id='block_1_8' title="bbox 350 2997 1461 3474">
    <p class='ocr_par' dir='ltr' id='par_1_10' title="bbox 350 2997 1461 3279">
     <span class='ocr_line' id='line_1_24' title="bbox 393 2997 1461 3082; baseline -0.005 -15"><span class='ocrx_word' id='word_1_182' title='bbox 393 3002 574 3067; x_wconf 86' lang='lat' dir='ltr'><strong>Cassidorus</strong></span> <span class='ocrx_word' id='word_1_183' title='bbox 587 3004 621 3064; x_wconf 94' lang='lat' dir='ltr'><strong>in</strong></span> <span class='ocrx_word' id='word_1_184' title='bbox 632 2997 789 3065; x_wconf 86' lang='lat' dir='ltr'><strong>Chronico</strong></span> <span class='ocrx_word' id='word_1_185' title='bbox 801 3002 858 3064; x_wconf 87' lang='lat' dir='ltr'><strong>sub</strong></span> <span class='ocrx_word' id='word_1_186' title='bbox 875 2999 1012 3082; x_wconf 85' lang='lat' dir='ltr'><strong>Trajano</strong></span> <span class='ocrx_word' id='word_1_187' title='bbox 1029 3021 1038 3060; x_wconf 83' lang='lat'><em>=</em></span> <span class='ocrx_word' id='word_1_188' title='bbox 1054 2999 1161 3064; x_wconf 85' lang='lat' dir='ltr'><strong>Celsus</strong></span> <span class='ocrx_word' id='word_1_189' title='bbox 1173 3011 1207 3064; x_wconf 87' lang='lat' dir='ltr'><strong>et</strong></span> <span class='ocrx_word' id='word_1_190' title='bbox 1217 2998 1391 3080; x_wconf 85' lang='lat' dir='ltr'><strong>Crispinus.</strong></span> <span class='ocrx_word' id='word_1_191' title='bbox 1406 3000 1461 3062; x_wconf 90' lang='lat' dir='ltr'><strong>His</strong></span> 
     </span>
     <span class='ocr_line' id='line_1_25' title="bbox 351 3095 1460 3182; baseline -0.005 -20"><span class='ocrx_word' id='word_1_192' title='bbox 351 3097 528 3164; x_wconf 89' lang='lat' dir='ltr'><strong>consulibus</strong></span> <span class='ocrx_word' id='word_1_193' title='bbox 539 3097 614 3181; x_wconf 77' lang='lat'>(864</span> <span class='ocrx_word' id='word_1_194' title='bbox 628 3100 669 3164; x_wconf 89' lang='lat' dir='ltr'><strong>U.</strong></span> <span class='ocrx_word' id='word_1_195' title='bbox 682 3098 728 3180; x_wconf 88' lang='lat' dir='ltr'><strong>c.)</strong></span> <span class='ocrx_word' id='word_1_196' title='bbox 742 3098 860 3158; x_wconf 80' lang='lat' dir='ltr'><strong>Plinius</strong></span> <span class='ocrx_word' id='word_1_197' title='bbox 870 3097 1027 3182; x_wconf 79' lang='lat' dir='ltr'><strong>Secundus</strong></span> <span class='ocrx_word' id='word_1_198' title='bbox 1037 3095 1290 3170; x_wconf 71' lang='lat' dir='ltr'><strong>¹Novocomensis</strong></span> <span class='ocrx_word' id='word_1_199' title='bbox 1305 3109 1415 3159; x_wconf 91' lang='lat' dir='ltr'><strong>orator</strong></span> <span class='ocrx_word' id='word_1_200' title='bbox 1429 3110 1460 3160; x_wconf 90' lang='lat' dir='ltr'><strong>et</strong></span> 
     </span>
     <span class='ocr_line' id='line_1_26' title="bbox 350 3194 1458 3279; baseline -0.002 -19"><span class='ocrx_word' id='word_1_201' title='bbox 350 3198 517 3260; x_wconf 85' lang='lat' dir='ltr'><strong>historicus</strong></span> <span class='ocrx_word' id='word_1_202' title='bbox 539 3194 669 3275; x_wconf 89' lang='lat' dir='ltr'><strong>insignis</strong></span> <span class='ocrx_word' id='word_1_203' title='bbox 692 3196 844 3269; x_wconf 89' lang='lat' dir='ltr'><strong>habetur,</strong></span> <span class='ocrx_word' id='word_1_204' title='bbox 871 3196 958 3279; x_wconf 89' lang='lat' dir='ltr'><strong>cujus</strong></span> <span class='ocrx_word' id='word_1_205' title='bbox 981 3195 1100 3276; x_wconf 83' lang='lat' dir='ltr'><strong>ingenii</strong></span> <span class='ocrx_word' id='word_1_206' title='bbox 1127 3195 1263 3278; x_wconf 86' lang='lat' dir='ltr'><strong>plurima</strong></span> <span class='ocrx_word' id='word_1_207' title='bbox 1285 3213 1383 3278; x_wconf 86' lang='lat' dir='ltr'><strong>opera</strong></span> <span class='ocrx_word' id='word_1_208' title='bbox 1407 3215 1458 3258; x_wconf 84' lang='lat' dir='ltr'><strong>ex·</strong></span> 
     </span>
    </p>

    <p class='ocr_par' dir='ltr' id='par_1_11' title="bbox 351 3306 1455 3474">
     <span class='ocr_line' id='line_1_27' title="bbox 401 3306 447 3354; baseline 0 0"><span class='ocrx_word' id='word_1_209' title='bbox 401 3306 447 3354; x_wconf 82' lang='grc'><strong>111.</strong></span> 
     </span>
     <span class='ocr_line' id='line_1_28' title="bbox 351 3307 1455 3474; baseline -0.002 -20"><span class='ocrx_word' id='word_1_210' title='bbox 351 3307 477 3454; x_wconf 69' lang='lat' dir='ltr'><strong>staNihil</strong></span> <span class='ocrx_word' id='word_1_211' title='bbox 492 3413 531 3456; x_wconf 86' lang='lat' dir='ltr'><strong>ex</strong></span> <span class='ocrx_word' id='word_1_212' title='bbox 544 3393 641 3456; x_wconf 89' lang='lat' dir='ltr'><strong>tantis</strong></span> <span class='ocrx_word' id='word_1_213' title='bbox 661 3392 843 3474; x_wconf 82' lang='lat' dir='ltr'><strong>eloquentiae</strong></span> <span class='ocrx_word' id='word_1_214' title='bbox 854 3393 951 3455; x_wconf 89' lang='lat' dir='ltr'><strong>Plinii</strong></span> <span class='ocrx_word' id='word_1_215' title='bbox 966 3389 1176 3456; x_wconf 87' lang='lat' dir='ltr'><strong>monumentis</strong></span> <span class='ocrx_word' id='word_1_216' title='bbox 1188 3405 1304 3474; x_wconf 86' lang='lat' dir='ltr'><strong>prteter</strong></span> <span class='ocrx_word' id='word_1_217' title='bbox 1316 3391 1455 3473; x_wconf 69' lang='lat' dir='ltr'><strong>Panegy-</strong></span> 
     </span>
    </p>
   </div>
   <div class='ocr_carea' id='block_1_9' title="bbox 350 3485 1452 3676">
    <p class='ocr_par' dir='ltr' id='par_1_12' title="bbox 350 3485 1452 3676">
     <span class='ocr_line' id='line_1_29' title="bbox 351 3485 1452 3577; baseline 0.001 -26"><span class='ocrx_word' id='word_1_218' title='bbox 351 3495 448 3552; x_wconf 85' lang='lat' dir='ltr'><strong>n&#39;cum</strong></span> <span class='ocrx_word' id='word_1_219' title='bbox 462 3490 561 3564; x_wconf 90' lang='lat' dir='ltr'><strong>illum,</strong></span> <span class='ocrx_word' id='word_1_220' title='bbox 579 3513 637 3577; x_wconf 86' lang='lat' dir='ltr'><strong>quo</strong></span> <span class='ocrx_word' id='word_1_221' title='bbox 651 3485 790 3572; x_wconf 82' lang='lat' dir='ltr'><strong>Trojano</strong></span> <span class='ocrx_word' id='word_1_222' title='bbox 798 3496 930 3570; x_wconf 77' lang='lat' dir='ltr'><strong>principi</strong></span> <span class='ocrx_word' id='word_1_223' title='bbox 942 3491 1052 3552; x_wconf 76' lang='lat' dir='ltr'><strong>comul</strong></span> <span class='ocrx_word' id='word_1_224' title='bbox 1062 3497 1163 3567; x_wconf 89' lang='lat' dir='ltr'><strong>(anno</strong></span> <span class='ocrx_word' id='word_1_225' title='bbox 1179 3493 1222 3560; x_wconf 86' lang='lat' dir='ltr'><strong>U.</strong></span> <span class='ocrx_word' id='word_1_226' title='bbox 1237 3489 1320 3574; x_wconf 81' lang='lat'><strong>852)</strong></span> <span class='ocrx_word' id='word_1_227' title='bbox 1341 3496 1452 3571; x_wconf 77' lang='lat' dir='ltr'><strong>gratias</strong></span> 
     </span>
     <span class='ocr_line' id='line_1_30' title="bbox 350 3595 782 3676; baseline 0.005 -27"><span class='ocrx_word' id='word_1_228' title='bbox 350 3595 420 3670; x_wconf 79' lang='lat' dir='ltr'><strong>egit,</strong></span> <span class='ocrx_word' id='word_1_229' title='bbox 436 3611 595 3676; x_wconf 85' lang='lat' dir='ltr'><strong>superesse</strong></span> <span class='ocrx_word' id='word_1_230' title='bbox 607 3605 714 3654; x_wconf 89' lang='lat' dir='ltr'><strong>notum</strong></span> <span class='ocrx_word' id='word_1_231' title='bbox 724 3603 782 3652; x_wconf 84' lang='lat' dir='ltr'><strong>est.</strong></span> 
     </span>
    </p>
   </div>
   <div class='ocr_carea' id='block_1_10' title="bbox 605 3780 1191 3879">
    <p class='ocr_par' dir='ltr' id='par_1_13' title="bbox 605 3780 1191 3879">
     <span class='ocr_line' id='line_1_31' title="bbox 605 3780 1191 3879; baseline -0.012 -24"><span class='ocrx_word' id='word_1_232' title='bbox 605 3782 734 3855; x_wconf 88' lang='lat' dir='ltr'>CXIII.</span> <span class='ocrx_word' id='word_1_233' title='bbox 762 3781 947 3879; x_wconf 88' lang='lat' dir='ltr'><strong>Pompeius</strong></span> <span class='ocrx_word' id='word_1_234' title='bbox 968 3780 1191 3853; x_wconf 87' lang='lat' dir='ltr'><strong>Saturninus.</strong></span> 
     </span>
    </p>
   </div>
   <div class='ocr_carea' id='block_1_11' title="bbox 348 3976 1448 4364">
    <p class='ocr_par' dir='ltr' id='par_1_14' title="bbox 348 3976 1448 4364">
     <span class='ocr_line' id='line_1_32' title="bbox 391 3976 1448 4062; baseline -0.004 -20"><span class='ocrx_word' id='word_1_235' title='bbox 391 3976 510 4042; x_wconf 87' lang='lat' dir='ltr'><strong>Plinius</strong></span> <span class='ocrx_word' id='word_1_236' title='bbox 520 3981 617 4062; x_wconf 88' lang='lat' dir='ltr'><strong>Epist.</strong></span> <span class='ocrx_word' id='word_1_237' title='bbox 634 3983 662 4051; x_wconf 92' lang='lat'><strong>1,</strong></span> <span class='ocrx_word' id='word_1_238' title='bbox 684 3982 721 4046; x_wconf 87' lang='grc'><strong>16</strong></span> <span class='ocrx_word' id='word_1_239' title='bbox 736 4004 745 4045; x_wconf 75' lang='lat' dir='ltr'><strong>t</strong></span> <span class='ocrx_word' id='word_1_240' title='bbox 768 3980 919 4046; x_wconf 82' lang='lat' dir='ltr'><strong>Amabam</strong></span> <span class='ocrx_word' id='word_1_241' title='bbox 938 3979 1119 4062; x_wconf 86' lang='lat' dir='ltr'><strong>Pompeium</strong></span> <span class='ocrx_word' id='word_1_242' title='bbox 1134 3979 1351 4053; x_wconf 87' lang='lat' dir='ltr'><strong>Saturninum,</strong></span> <span class='ocrx_word' id='word_1_243' title='bbox 1365 3977 1448 4039; x_wconf 92' lang='lat' dir='ltr'><strong>hunc</strong></span> 
     </span>
     <span class='ocr_line' id='line_1_33' title="bbox 349 4075 1447 4160; baseline 0.001 -24"><span class='ocrx_word' id='word_1_244' title='bbox 349 4075 418 4138; x_wconf 89' lang='lat' dir='ltr'><strong>dico</strong></span> <span class='ocrx_word' id='word_1_245' title='bbox 441 4089 596 4152; x_wconf 87' lang='lat' dir='ltr'><strong>nostrum,</strong></span> <span class='ocrx_word' id='word_1_246' title='bbox 621 4079 847 4160; x_wconf 88' lang='lat' dir='ltr'><strong>laudabamque</strong></span> <span class='ocrx_word' id='word_1_247' title='bbox 869 4079 935 4160; x_wconf 86' lang='lat' dir='ltr'><strong>ejus</strong></span> <span class='ocrx_word' id='word_1_248' title='bbox 954 4077 1137 4156; x_wconf 83' lang='lat' dir='ltr'><strong>ingenium,</strong></span> <span class='ocrx_word' id='word_1_249' title='bbox 1163 4077 1261 4138; x_wconf 89' lang='lat' dir='ltr'><strong>etiam</strong></span> <span class='ocrx_word' id='word_1_250' title='bbox 1283 4088 1447 4156; x_wconf 88' lang='lat' dir='ltr'><strong>antequam</strong></span> 
     </span>
     <span class='ocr_line' id='line_1_34' title="bbox 348 4176 1444 4262; baseline -0.001 -24"><span class='ocrx_word' id='word_1_251' title='bbox 348 4177 471 4254; x_wconf 87' lang='lat' dir='ltr'><strong>scirem,</strong></span> <span class='ocrx_word' id='word_1_252' title='bbox 495 4199 586 4260; x_wconf 92' lang='lat' dir='ltr'><strong>quam</strong></span> <span class='ocrx_word' id='word_1_253' title='bbox 611 4179 743 4256; x_wconf 80' lang='lat' dir='ltr'><strong>varium,</strong></span> <span class='ocrx_word' id='word_1_254' title='bbox 769 4200 861 4262; x_wconf 92' lang='lat' dir='ltr'><strong>quam</strong></span> <span class='ocrx_word' id='word_1_255' title='bbox 881 4179 1026 4253; x_wconf 85' lang='lat' dir='ltr'><strong>flexibile,</strong></span> <span class='ocrx_word' id='word_1_256' title='bbox 1049 4197 1141 4260; x_wconf 90' lang='lat' dir='ltr'><strong>quam</strong></span> <span class='ocrx_word' id='word_1_257' title='bbox 1162 4176 1325 4261; x_wconf 84' lang='lat' dir='ltr'><strong>multiplex</strong></span> <span class='ocrx_word' id='word_1_258' title='bbox 1344 4189 1444 4240; x_wconf 80' lang='lat' dir='ltr'><strong>esset:</strong></span> 
     </span>
     <span class='ocr_line' id='line_1_35' title="bbox 349 4276 1446 4364; baseline 0.001 -26"><span class='ocrx_word' id='word_1_259' title='bbox 349 4294 432 4342; x_wconf 89' lang='lat' dir='ltr'><strong>nunc</strong></span> <span class='ocrx_word' id='word_1_260' title='bbox 446 4298 522 4345; x_wconf 81' lang='lat' dir='ltr'><strong>vero</strong></span> <span class='ocrx_word' id='word_1_261' title='bbox 533 4291 631 4344; x_wconf 88' lang='lat' dir='ltr'><strong>totum</strong></span> <span class='ocrx_word' id='word_1_262' title='bbox 641 4299 690 4346; x_wconf 87' lang='lat' dir='ltr'><strong>me</strong></span> <span class='ocrx_word' id='word_1_263' title='bbox 704 4293 802 4360; x_wconf 86' lang='lat' dir='ltr'><strong>tenet,</strong></span> <span class='ocrx_word' id='word_1_264' title='bbox 816 4281 922 4359; x_wconf 86' lang='lat' dir='ltr'><strong>babet,</strong></span> <span class='ocrx_word' id='word_1_265' title='bbox 936 4280 1081 4364; x_wconf 86' lang='lat' dir='ltr'><strong>possidet.</strong></span> <span class='ocrx_word' id='word_1_266' title='bbox 1094 4276 1362 4364; x_wconf 69' lang='lat' dir='ltr'><strong>audiviquasdam</strong></span> <span class='ocrx_word' id='word_1_267' title='bbox 1376 4297 1446 4340; x_wconf 90' lang='lat' dir='ltr'><strong>cau·</strong></span> 
     </span>
    </p>
   </div>
   <div class='ocr_carea' id='block_1_12' title="bbox 0 0 1614 5320">
    <p class='ocr_par' dir='ltr' id='par_1_15' title="bbox 0 0 1614 5320">
     <span class='ocr_line' id='line_1_36' title="bbox 0 0 1614 5320; baseline 0 10"><span class='ocrx_word' id='word_1_268' title='bbox 0 0 1614 5320; x_wconf 95' lang='lat' dir='ltr'><strong> </strong></span> 
     </span>
    </p>
   </div>
  </div>
 </body>
</html>
