3218 5320
649 497 718 570 297

171 635 519 718 badengem-Cutem
534 635 721 720 suspicatur,
735 635 964 696 Divinattbaem
977 633 1122 713 Caeeans,
1135 655 1201 719 quae
1215 659 1232 697 a
1263 601 1330 722 ppo

126 735 276 798 Suetonio
290 731 323 794 in
338 732 391 794 illo
406 733 490 807 loco,
511 751 601 812 quem
622 751 653 812 p.
671 725 730 792 182
749 728 865 806 citabo,
888 729 1027 806 allectae,
1049 733 1232 815 prooemium

127 831 218 897 fuisse
232 849 330 896 caueae
344 829 377 892 in
390 829 596 892 Dolabellam.
625 918 630 925 ι

492 1041 522 1101 4.
548 1061 660 1106 enaim
675 1059 733 1106 eno
747 1061 872 1107 enecta.

175 1237 213 1298 A·
232 1234 274 1300 U.
288 1233 347 1296 ott
363 1251 487 1294 camum
499 1230 681 1292 Grecorum
695 1231 761 1310 ugit
773 1229 877 1296 Cesar
890 1229 971 1312 apud
986 1229 1150 1297 Lucullum
1165 1251 1240 1313 prae.

129 1346 232 1398 torem
245 1345 432 1413 accusatque
443 1330 625 1396 Antonium·
642 1328 795 1394 Asconius
806 1333 846 1393 ad
856 1330 925 1394 Cic.
936 1332 1029 1395 Orat.
1041 1334 1074 1394 in
1086 1346 1157 1412 toga
1168 1353 1241 1395 can·

128 1431 201 1493 dida
218 1428 271 1513 (p.
292 1431 358 1494 522
377 1430 426 1492 ed.
445 1427 584 1512 Orelli)=
604 1452 620 1486 α
637 1427 760 1492 Deinde
774 1429 897 1504 Greci,
921 1430 974 1511 qui
995 1431 1116 1514 spoliati
1130 1444 1238 1502 erant,

129 1533 308 1594 eduxerunt
320 1529 493 1594 Antonlnm
508 1527 541 1592 in
555 1528 661 1610 jasad
676 1530 717 1589 Μ.
732 1529 894 1592 Lucullum
913 1545 1092 1612 praetorem,
1119 1531 1171 1612 qui
1191 1529 1242 1612 jus

129 1631 214 1690 inter
228 1625 408 1710 peregrinos
423 1625 560 1689 dicebat.
582 1626 654 1706 Egit
668 1645 725 1707 pro
739 1621 861 1699 Graecis
875 1627 970 1689 etiam
984 1639 1050 1688 tum
1067 1627 1243 1690 adolescen-

131 1725 225 1796 tulus,
240 1727 279 1788 de
294 1745 356 1808 quo
370 1725 464 1806 paulu
477 1733 553 1788 aute
567 1722 758 1786 montionem
773 1723 914 1786 lecimus.
931 1749 946 1780 n
968 1725 1077 1788 Mutila
1091 1738 1164 1788 aunt
1176 1725 1242 1787 nne

133 1823 243 1884 verba.
260 1822 439 1902 Scripserat
450 1817 497 1901 (nt
507 1814 588 1880 vidit
597 1819 764 1904 Manutius)
773 1839 782 1879 t
792 1815 864 1899 Egit
876 1839 936 1898 pro
944 1819 1067 1881 Graan
1075 1821 1110 1879 C.
1124 1821 1241 1890 Caesar,

132 1926 231 1982 etiam
244 1936 312 1980 tum
326 1917 575 1981 adolescentulae.
593 1917 655 1981 Rea
670 1929 716 1980 est
730 1919 917 1981 cummunio
930 1920 1107 1982 manifesta.
1124 1921 1245 1982 Plutar-

133 2019 213 2082 chus
232 2017 326 2100 (Coea.
347 2035 378 2078 c.
399 2015 437 2096 l)
458 2015 541 2078 hauc
563 2029 598 2078 et
621 2015 812 2098 superiorem
836 2017 1067 2078 acuueatiunem
1089 2013 1246 2098 postponit

134 2115 267 2178 unsaris
285 2114 444 2178 Rhodineu
463 2110 585 2176 itineri.
611 2113 714 2178 llinus
732 2113 815 2176 baud
836 2113 930 2176 dubie
950 2126 1047 2175 recte.
1074 2115 1142 2176 Hoc
1162 2133 1245 2175 anno

135 2211 391 2279 Anneianum
410 2222 588 2278 neumatum
609 2207 681 2277 iude
700 2224 843 2292 apparet,
862 2213 945 2292 quod
965 2210 992 2273 ie
1012 2207 1149 2273 Asconio
1167 2224 1247 2274 teste

135 2306 288 2374 sexennio
309 2320 381 2390 poet
402 2328 421 2371 u
441 2308 621 2374 mneritas
634 2308 738 2373 Gellio
752 2320 785 2372 et
798 2307 932 2371 Lentulo
946 2320 1056 2372 senatu
1073 2309 1115 2370 ait
1133 2322 1244 2370 metue.

136 2407 188 2468 llli
199 2425 275 2469 vero
287 2424 454 2468 censuram
466 2407 727 2470 administrarant
741 2425 824 2468 anno
837 2406 911 2470 683.
922 2443 962 2454 -
971 2407 1045 2470 llaee
1057 2405 1244 2485 wesseling.

135 2505 172 2568 iu
181 2504 485 2588 Observatt.p.223.
499 2505 627 2585 Pighius
638 2525 759 2587 qunque
771 2505 886 2567 unnal.
895 2505 957 2568 vol.
967 2505 1027 2578 lll,
1039 2526 1070 2588 p.
1081 2505 1155 2580 292,
1165 2505 1247 2568 idem

137 2606 333 2670 observavit:
346 2607 463 2671 «Deest
472 2603 507 2668 in
518 2603 647 2670 Asconii
659 2609 727 2669 loco
738 2607 774 2666 C.
786 2607 925 2668 Censoris
936 2627 1061 2669 nomen.
1073 2633 1087 2666 a

174 2749 253 2795 etium
265 2755 320 2795 uam
333 2741 546 2807 adolescentulus]
559 2739 752 2812 intelligendus
765 2724 806 2793 est
817 2743 844 2793 J.
855 2741 955 2805 Caesar,
965 2741 998 2794 de
1010 2759 1063 2810 quo
1077 2741 1154 2793 modo
1163 2745 1246 2793 Asco-

213 2825 277 2876 niua
290 2825 397 2876 loeutus
413 2835 480 2885 erat,
497 2840 548 2876 nec
565 2822 736 2874 iniciendum
752 2831 819 2894 puto
834 2821 886 2876 boc
903 2843 1010 2884 nomen,
1026 2824 1097 2892 quod
1114 2823 1246 2875 Asconius

214 2905 366 2962 uetudioeie
373 2904 482 2960 illorum
492 2917 638 2976 temporum
654 2903 731 2959 facile
743 2904 860 2977 intelligi
871 2924 949 2976 posue
961 2906 1081 2976 putabat.
1093 2906 1181 2960 emar
1191 2919 1246 2958 tum

214 3012 298 3048 annos
309 2994 343 3048 ut
351 3005 431 3068 natue
440 3005 505 3047 erat.

494 3192 524 3251 5.
549 3207 660 3250 onnrto
674 3208 730 3251 eno
745 3207 895 3250 utrumne.

188 3379 310 3446 Gellius
321 3383 361 3453 V,
378 3379 434 3441 13:
450 3377 488 3444 C.
501 3378 605 3444 enen
619 3380 758 3464 pontifex
771 3381 922 3447 maximus
936 3381 971 3444 in
984 3383 1138 3456 oratione,
1157 3401 1249 3464 quam

144 3501 203 3566 pro
217 3477 363 3565 Bithynis
377 3481 467 3556 dixit,
479 3481 540 3549 hoc
552 3482 708 3564 principio
722 3501 792 3544 naue
806 3494 871 3546 eati
885 3482 950 3545 Vel
955 3503 1013 3560 pru
1027 3481 1158 3561 hospitio
1169 3487 1250 3561 regis

48 3613 56 3624 ·
145 3578 328 3642 lli'contedis
342 3580 396 3640 arel
410 3599 472 3657 pro
492 3578 600 3640 borum
616 3584 807 3652 necessitate,
822 3601 954 3664 quorum
969 3600 1019 3640 res
1034 3585 1142 3658 agutur,
1164 3581 1249 3659 defit·

147 3699 220 3759 gere
229 3679 286 3742 ltoc
296 3701 418 3756 munus,
428 3681 474 3740 M.
486 3681 604 3751 Vinici,
611 3687 672 3741 rt'on
678 3685 778 3760 potui.
791 3679 870 3741 Nam
879 3677 1143 3765 nequebomt'num
1156 3695 1252 3741 morte

150 3785 306 3840 memoria
318 3781 418 3840 deleri
431 3780 529 3854 debet,
545 3785 615 3865 quin
630 3803 650 3840 a
661 3785 816 3859 prroxImz's
832 3785 1005 3852 retineatur,
1019 3801 1115 3865 neque
1129 3779 1252 3840 clientes

150 3883 215 3938 sine
229 3897 352 3942 summa
367 3879 503 3960 infirmita
514 3879 616 3944 desert*
625 3894 762 3958 possunt,
770 3878 878 3963 quihus
892 3883 984 3938 etiam
995 3900 1063 3958 prae
1076 3879 1254 3964 propinquis

152 3983 264 4038 nostris
278 3979 467 4058 opemferre
481 3980 669 4038 instiuumus.
904 3976 909 3986 “

189 4143 231 4194 Μ.
242 4141 343 4210 Vinici]
355 4141 467 4214 Pighiua'
478 4141 510 4196 ad
523 4160 548 4194 a.
559 4143 591 4194 U.
604 4139 666 4204 tul,
680 4160 708 4212 p.
721 4143 782 4206 380,
794 4142 873 4205 dicit,
890 4143 921 4195 C.
932 4142 1084 4194 Memmium
1093 4141 1125 4195 L.
1137 4144 1166 4195 F.
1179 4161 1254 4213 repe·

226 4224 369 4278 tundat-um
377 4244 408 4277 ex
418 4223 543 4295 Bithynia
551 4241 636 4288 mum,
647 4242 665 4276 a
672 4225 699 4275 J.
720 4225 822 4277 &aete
831 4225 939 4278 absente
948 4243 995 4296 per
1005 4224 1095 4278 literae
1105 4237 1254 4278 accusatum

226 4313 319 4377 lubae,
329 4331 361 4366 ex
371 4330 424 4383 quo
432 4309 575 4368 venieimile
584 4311 630 4377 eit,
638 4309 667 4365 in
676 4309 767 4365 Gellio
776 4309 883 4366 Memmi
888 4311 1084 4384 mingendum.
1094 4312 1179 4378 [Nihil
1189 4331 1256 4383 opus

1110 4411 1143 4464 38
