3218 5320
841 384 910 458 334

401 535 483 578 matre
499 535 560 577 nata
577 539 645 574 sum.
669 521 789 576 lmitttus
811 519 896 574 fuerat
912 519 1022 574 Asinius
1046 518 1187 574 formulam
1211 531 1425 570 testamentorum

401 605 649 683 conscribendorum
665 626 671 656 :
686 601 765 675 cujus
778 604 869 676 figurae
878 603 928 658 hoc
944 603 1073 675 imprimis
1086 601 1143 656 loco
1156 602 1278 674 egregius
1287 614 1426 663 eratusus,

403 693 436 746 ob
447 693 583 744 recitatum
597 693 629 746 ab
646 692 794 746 adversario
810 703 997 746 testamentum
1009 712 1015 742 z
1027 691 1099 745 conf.
1113 689 1231 743 Turncb.
1245 689 1316 742 adh.
1326 689 1346 742 l.
1361 689 1429 758 Quis

401 775 448 827 ille
460 773 547 829 Gallio
557 775 646 840 fuerit,
658 788 824 848 assequatur,
840 775 886 846 qui
902 775 1010 846 poterit,
1023 793 1056 828 ex
1066 773 1175 829 schotto
1189 776 1227 826 De
1237 773 1315 826 claris
1328 791 1372 844 ap.
1381 773 1429 826 Se·

401 875 492 910 nocam
508 858 637 912 rhetorib.
654 879 681 930 p.
701 861 741 922 15,
760 859 802 922 tt,
821 869 848 910 et
863 861 1014 912 Burmanno
1027 858 1059 910 ad
1069 858 1163 926 Quint.
1178 856 1197 910 l.
1213 877 1238 909 c.
1253 869 1282 908 et
1297 854 1329 907 ad
1343 857 1391 920 lll,
1407 859 1429 919 1,

399 961 427 1014 p.
446 945 508 998 218.
524 943 657 998 Iliortect.
708 1005 712 1016 .

237 1049 308 1122 216
375 1072 406 1131 u.
432 1070 503 1130 tna
532 1089 627 1133 eausa
649 1070 747 1132 run>
771 1069 908 1131 retentu
933 1073 979 1131 u.
1004 1069 1166 1142 scaurum,
1194 1068 1350 1128 utentum
1374 1051 1432 1148 pei

331 1181 463 1231 matrem
475 1171 607 1234 Muciam
622 1172 707 1234 Sexti
722 1171 862 1254 Pompeii
872 1170 1019 1242 fratrem,
1038 1169 1113 1251 (vid.
1131 1169 1201 1230 Dio.
1218 1168 1305 1235 Cass.
1323 1165 1370 1242 Ll,
1388 1168 1428 1250 2),

332 1266 429 1329 filium
441 1269 484 1328 M.
507 1267 624 1331 AEmilii
644 1271 765 1344 Scauri,
792 1270 841 1332 cui
856 1265 966 1331 Cicero
981 1268 1194 1350 patrocinatus
1207 1281 1263 1342 cst,
1288 1277 1431 1348 nepotem

331 1365 414 1428 illius
424 1367 546 1436 Scauri,
564 1368 615 1448 qui
627 1369 774 1448 princeps
790 1379 914 1428 senatus
931 1365 1000 1426 luit.
1016 1365 1144 1428 Secutus
1155 1377 1224 1426 erat
1237 1364 1289 1426 hic
1298 1363 1432 1425 Scaurus

332 1475 437 1542 partes
455 1464 544 1526 Sexti
558 1465 707 1545 Pompeii,
728 1482 820 1543 aquo
838 1473 946 1544 postea
960 1463 999 1523 ad
1013 1462 1183 1524 Antonium
1200 1461 1365 1540 transfugit
1388 1461 1399 1542 (
1423 1504 1430 1518 .

333 1565 467 1646 Appian.
478 1565 556 1626 Bell.
574 1565 636 1626 civ.
653 1567 689 1640 V,
709 1563 794 1647 142).
805 1564 882 1626 lnde
898 1564 932 1626 in
947 1563 1076 1626 Antonii
1092 1559 1264 1624 amicitiam
1275 1574 1431 1644 receptus,

334 1664 373 1726 ab
392 1667 528 1743 Augusto
544 1679 614 1746 post
632 1665 775 1748 proelium
797 1661 962 1726 Actiacum
982 1665 1115 1746 primum
1141 1661 1211 1734 neci
1234 1664 1431 1736 destinatur,

335 1763 407 1822 dein
423 1774 553 1842 propter
571 1775 702 1824 matrem
714 1757 850 1824 Muciam
864 1761 961 1824 vitam
974 1763 1106 1824 obtinet.
1129 1761 1189 1826 Dio
1215 1761 1238 1822 l.
1255 1761 1279 1820 l.
1297 1772 1330 1829 et
1350 1761 1431 1834 LVI,

335 1861 387 1922 38.
412 1863 489 1922 Eum
510 1859 635 1924 Asinius
658 1883 745 1925 reum
766 1863 921 1944 praecipue
942 1863 1169 1926 commendavit
1187 1881 1206 1921 a
1228 1857 1351 1922 meritis
1369 1879 1433 1920 ma·

331 1960 447 2044 jorum.

376 2056 509 2142 Quintil.
535 2061 588 2132 VI,
617 2059 647 2134 1,
675 2059 741 2122 21:
768 2056 1005 2122 Periclitantem
1024 2059 1220 2121 commendat
1241 2057 1375 2136 dignitas
1404 2068 1436 2118 et

334 2157 435 2217 studia
448 2157 551 2230 fortia,
569 2169 601 2219 et
616 2172 763 2242 susceptoe
777 2157 859 2220 bello
879 2153 1055 2233 cicatrices,
1073 2171 1105 2220 et
1113 2156 1259 2218 nobilitas
1274 2169 1307 2217 et
1323 2154 1436 2216 merita

334 2254 498 2336 majorum.
516 2259 593 2332 Hoc,
612 2259 691 2336 quod
710 2257 850 2338 proxime
867 2256 940 2332 dixi,
956 2258 1067 2322 Cicero
1084 2273 1177 2338 atque
1192 2253 1320 2320 Asinius
1334 2269 1434 2317 certa-

337 2352 391 2413 tim
405 2367 478 2414 sunt
492 2355 549 2427 usi,
564 2373 621 2434 pro
631 2356 749 2418 Scauro
762 2367 850 2438 patre
864 2352 929 2427 hic,
942 2356 995 2417 ille
1010 2377 1067 2440 pro
1082 2355 1157 2418 filio.
1208 2407 1212 2412 .

377 2451 424 2512 Ex
439 2449 590 2514 Pollionis
598 2473 661 2531 pro
670 2455 789 2514 Scauro
803 2455 944 2518 oratione
955 2456 1109 2519 sententia
1124 2456 1261 2538 quaedam
1272 2453 1437 2522 allertnra

335 2547 529 2630 Quintiliano
544 2548 600 2626 IX,
620 2551 652 2622 2,
669 2551 710 2612 24
730 2572 738 2611 :
755 2550 879 2613 Pollio:
901 2553 1057 2636 Nunquam
1064 2555 1143 2633 fitre
1157 2553 1281 2626 credidi,
1291 2549 1434 2634 judices,

337 2663 368 2708 ut
380 2669 433 2708 reo
450 2650 579 2724 Scauro,
604 2671 642 2708 ne
655 2652 727 2735 quid
740 2655 772 2708 in
787 2645 854 2732 ejus
863 2649 985 2731 judicio
1007 2657 1107 2731 gratia
1128 2653 1255 2724 voleret,
1276 2670 1434 2729 precarer.

381 2747 432 2808 10.
456 2749 611 2812 Adversus
631 2749 669 2809 L.
687 2749 860 2808 Munatium
872 2749 1035 2825 Plancum,
1061 2750 1222 2813 Ciceronis
1245 2749 1387 2811 anticum¹
1400 2768 1437 2810 ac

337 2843 531 2924 discipulum,
548 2845 600 2926 qui
612 2845 690 2928 Dec.
703 2846 834 2907 Brutum
852 2846 991 2907 Antonio
1011 2845 1160 2928 prodidit,
1177 2867 1215 2911 uc
1230 2846 1301 2908 dein
1315 2844 1438 2906 inbelli

337 2941 468 3004 Asiatici
487 2956 639 3024 apparatu
661 2945 699 3005 ab
723 2943 861 3008 Antonio
882 2945 921 3006 ad
935 2943 1089 3007 Caesarem
1106 2943 1283 3023 transfugit,
1312 2939 1438 3004 Asinius

337 3038 437 3099 Pollio
460 3035 618 3101 orationes
642 3041 778 3120 paravit.
802 3042 850 3103 Ac
876 3041 1045 3103 verisimile
1060 3053 1127 3115 est,
1143 3037 1316 3114 Pollionem
1337 3037 1437 3100 odisse

338 3137 487 3208 Plancum
502 3137 584 3211 ideo,
600 3141 679 3218 quod
695 3157 793 3221 pravo
808 3140 911 3203 animo
926 3141 1002 3204 alias
1017 3141 1078 3210 alio
1099 3153 1240 3222 tempore
1263 3152 1371 3222 partes
1390 3160 1435 3200 se·

338 3245 426 3293 cutus
445 3245 491 3302 est
512 3235 729 3317 dominumque
749 3237 817 3326 plus
834 3239 929 3300 semel
953 3234 1164 3302 commutarit.
1188 3239 1236 3298 De
1258 3257 1295 3300 eo
1314 3237 1437 3318 copiose

339 3329 404 3410 agit
415 3333 618 3398 Ruhnkenius
632 3339 671 3399 ad
685 3339 796 3400 Vellei.
813 3341 861 3415 11,
879 3340 932 3402 63.
973 3385 975 3392 .
1161 3393 1165 3400 .

380 3431 462 3494 Plin.
486 3435 565 3498 Hist.
591 3438 631 3498 N.
647 3438 681 3498 in
696 3439 815 3520 praelat.
834 3453 912 3502 extr.
934 3439 989 3502 lib.
1008 3441 1043 3501 1:
1061 3441 1127 3502 Nec
1143 3440 1276 3504 Plancus
1296 3437 1434 3520 illepide,

340 3551 409 3592 cum
423 3531 590 3605 diceretur,
604 3533 734 3594 Asinius
747 3535 848 3596 Pollio
859 3540 1012 3596 orationes
1028 3540 1060 3600 iu
1081 3557 1150 3596 eum
1161 3556 1287 3616 parare,
1303 3557 1374 3620 (pira³
1399 3535 1437 3593 ab

337 3629 404 3704 ipso
424 3643 476 3688 aut
493 3629 602 3689 liberis
621 3646 841 3710 postmortem
865 3633 977 3692 Planci
1001 3634 1170 3705 ederentur,
1196 3653 1235 3692 ne
1255 3630 1438 3712 respondere

337 3739 462 3800 posset:
476 3745 544 3786 cum
556 3726 684 3796 mortuis
697 3724 822 3792 nonnisi
833 3729 935 3791 larvas
949 3730 1073 3790 luctari.
1093 3729 1162 3807 Quo
1173 3726 1257 3790 dicto
1267 3730 1313 3790 sic
1328 3749 1435 3814 reper-

339 3822 434 3886 cussit
445 3819 523 3902 illas,
540 3838 575 3886 ut
584 3829 664 3911 apud
674 3828 811 3890 eruditos
826 3826 905 3890 nihil
915 3829 1123 3910 impudentius
1131 3829 1300 3910 judicetur.

749 4079 1008 4096 m
