3288 5344
709 442 751 512 13

176 575 537 662 maioribusccostitotos
551 593 618 642 sne
628 575 781 652 tierent,
797 590 861 641 acu
872 575 1151 655 ludosrbemricoe
1162 579 1276 664 quippe

174 677 299 744 nemine
310 677 440 760 jubente
454 689 550 750 ortos,
584 677 639 738 sed
653 675 813 740 literarios
824 688 859 738 et
869 676 998 740 luctasse
1011 680 1171 744 Etruscam
1184 681 1275 744 dicct.

173 780 294 862 pliuem
306 779 539 843 intellexerunt.
549 777 733 841 Censorium
743 777 862 840 illudo.
878 778 938 840 661
951 779 1086 841 edicturn
1101 783 1277 848 aSnetonio

174 879 223 940 De
245 877 321 938 cler.
348 877 448 938 rhett.'
474 876 503 951 1,
523 895 560 958 p.
582 875 624 938 30
637 877 686 938 ed‘.
705 875 802 938 Wolf.
822 878 919 937 eth.
934 875 1019 940 Gell.
1036 876 1106 938 lul.
1126 880 1274 954 relatum,

176 975 335 1055 egregium
355 975 473 1038 veteris
492 974 655 1054 gravitatis
674 975 893 1038 documentum
913 974 1088 1053 legentibus
1101 988 1211 1039 eruut.
1229 981 1278 1040 hd

175 1077 213 1138 L.
233 1073 380 1149 Plotitmt,
399 1074 454 1154 qui
478 1073 540 1136 sibi
554 1073 678 1156 primns
699 1073 805 1140 Latini
828 1073 964 1136 rhetoris
985 1092 1099 1136 omnen
1123 1073 1282 1139 indiderat

177 1169 325 1254 (Suetou'.
338 1171 363 1232 l.
374 1171 397 1232 l.
407 1171 420 1256 )
429 1181 565 1251 aqueus
575 1169 786 1253 Quintilianus
797 1171 842 1243 11,-
851 1168 884 1242 1,
895 1168 960 1245 12,·
969 1169 1118 1232 extremis
1128 1170 1165 1232 L.
1177 1170 1283 1234 &essi

176 1271 370 1352 temporibus
383 1271 534 1338 exstitisse
547 1271 636 1346 dicit,
654 1286 838 1334 concursum
855 1271 990 1343 horum,
1017 1283 1050 1334 et
1063 1270 1247 1334 OEceronem
1261 1293 1281 1336 a

93 1397 97 1404 ·
176 1384 268 1454 patre
281 1371 485 1454 prohibitum,
507 1372 668 1454 quominus
681 1391 725 1434 eo·
735 1371 843 1446 iteret,
860 1391 898 1432 ex
911 1370 1044 1452 epistole
1059 1369 1126 1451 ejus
1143 1372 1183 1433 ad
1204 1372 1281 1434 Titi·

176 1469 364 1550 ni11m.epu‹l
373 1468 500 1534 Sueten.
520 1470 543 1532 l.
555 1470 579 1530 l.
603 1468 759 1532 memus.
777 1467 915 1532 Eundem
929 1467 1044 1532 Coelius
1057 1467 1213 1542 bucone,-
1229 1470 1282 1530 sd·

175 1564 649 1644 nemorumnemorum
673 1563 778 1646 cupita
798 1563 930 1628 achonis
946 1563 1163 1648 composuisse.
1185 1564 1279 1626 male·
1399 1639 1402 1648 Ι

175 1659 260 1722 dicto
272 1659 430 1734 incessens
443 1661 639 1744 exprobavit.
650 1663 690 1726 v.
706 1659 804 1726 Wolf.
819 1661 859 1722 sd
871 1660 904 1722 h.
920 1661 943 1725 l.
960 1658 1138 1726 etCeseub.
1158 1677 1191 1740 p.
1205 1659 1278 1732 310,

164 1757 250 1820 -311,
263 1758 549 1840 Diutiesimeigitur
558 1760 647 1825 vixit
659 1760 775 1825 Debeo
787 1769 884 1838 egunt
892 1758 1105 1841 Quintilianus
1113 1757 1136 1820 l.
1149 1757 1172 1820 l.
1182 1758 1279 1831 etXl,

176 1857 208 1934 3,
228 1855 302 1934 143,
317 1861 438 1924 Seneca
447 1863 649 1926 Controuers-
665 1862 695 1922 ll
709 1879 847 1942 prooem.
862 1885 871 1938 3
885 1859 1027 1922 meminit
1036 1863 1139 1924 Varro
1153 1877 1206 1939 ap.
1221 1861 1281 1921 Nc·

175 1957 263 2020 nium
276 1979 309 2021 v.
328 1960 541 2033 Bubulcum,
563 1982 595 2044 p.
609 1963 663 2032 ts,
685 1960 739 2022 ott·
759 1962 805 2025 Ex
820 1958 1015 2041 Quintiliano
1032 1957 1192 2032 (illicimus,¹
1204 1958 1281 2022 scri·

174 2056 271 2138 psissc
279 2057 318 2118 de
327 2070 416 2134 gestu
426 2054 571 2120 Plotium.
589 2059 677 2118 Idem
687 2069 735 2120 est
744 2057 827 2118 huod
837 2057 942 2131 dubie,
956 2057 1010 2138 qni
1023 2076 1042 2118 a
1055 2055 1208 2119 Cicerone
1218 2058 1281 2118 Pro

175 2153 273 2214 hrch.
288 2173 318 2215 c.
333 2157 364 2227 9,
377 2153 471 2216 Marii
483 2154 600 2218 dicitur
610 2153 788 2238 trudineis,
801 2167 834 2215 et
843 2171 934 2234 quem
942 2165 1065 2236 poetam
1079 2151 1198 2214 lecitmt
1206 2154 1285 2216 Ges·

174 2269 269 2324 ueros
281 2251 315 2314 in
329 2251 556 2316 Glirestomath.
572 2252 780 2317 Ciceronianis
801 2270 873 2316 oum
895 2255 1027 2316 Ernesto
1046 2251 1081 2314 in
1094 2251 1201 2326 Clare,
1218 2271 1282 2316 non

175 2348 353 2428 corrigente
362 2351 537 2416 Schuetzio.
553 2352 671 2415 illarius
680 2350 764 2414 enim
778 2370 830 2414 res
848 2371 868 2414 a
885 2369 951 2414 sese
964 2361 1066 2430 gestm
1079 2349 1120 2414 ab
1129 2349 1183 2412 illo
1193 2367 1282 2432 posse

176 2445 331 2512 celebrari
344 2447 460 2510 dicitur
480 2447 685 2514 existimasse..
701 2450 743 2511 Et
753 2447 884 2512 fortasse
897 2459 1060 2528 utrumque
1078 2465 1154 2528 opus
1164 2445 1278 2525 attium

174 2543 236 2606 Sed
249 2543 413 2614 manifesto
435 2543 553 2607 emerit
567 2544 695 2624 Pighius
708 2546 748 2608 ad
762 2565 793 2606 a.
809 2544 884 2618 691,
902 2545 966 2606 vol.
976 2543 1035 2614 111,
1050 2561 1083 2624 p.
1101 2541 1173 2617 328,
1193 2543 1278 2616 dum,

174 2662 241 2722 quac
254 2646 294 2706 ad
305 2645 454 2709 Archiam
470 2645 661 2720 reseruntur,
678 2645 777 2711 inrito
792 2661 936 2708 sermone
957 2642 1081 2718 Latino,
1098 2642 1198 2706 Plotio
1212 2643 1280 2708 vin·

174 2743 280 2810 dicare
295 2748 398 2810 studet
411 2767 420 2808 ε
436 2747 552 2813 bellum
567 2747 714 2810 nimirum
726 2745 846 2810 Luculli
858 2745 1101 2810 Mithridaticum
1115 2745 1277 2826 scriptum.

175 2842 204 2903 ls
219 2855 322 2906 autem
331 2885 341 2916 ,
358 2843 459 2924 etqui
474 2844 573 2910 secuti
590 2855 663 2904 sunt
673 2844 716 2902 Μ.
733 2841 888 2904 Antonius
900 2841 1038 2920 Gnipho,
1054 2844 1092 2904 L.
1108 2841 1279 2912 Otacilius,

174 2941 244 3004 sex.
260 2943 406 3018 Clodius,
423 2943 499 3019 elii,
523 2941 665 3004 libertini
677 2941 801 3020 generis
815 2952 919 3012 erant,
934 2957 1034 3018 neque
1052 2959 1104 3000 ars
1123 2940 1282 3002 rhetorice

175 3041 237 3102 nisi
249 3044 331 3124 apud
353 3044 479 3106 Graecos
494 3041 618 3106 liberali
630 3041 716 3104 cultu
731 3040 891 3106 hominum
910 3057 1021 3104 munus
1036 3048 1117 3104 orat.
1133 3039 1212 3102 Nam
1226 3040 1281 3102 Sc-

177 3159 256 3202 neca
269 3142 293 3202 l.
314 3159 343 3202 c.
361 3141 533 3217 Blandum,
554 3141 636 3204 haud
658 3140 750 3202 dubie
771 3140 1026 3218 ingestione,
1044 3137 1281 3220 primumequis

177 3247 241 3302 tem
263 3241 438 3304 Romnum
456 3241 620 3323 eloquendi
643 3253 711 3304 arte
731 3241 871 3304 docenda
889 3238 1073 3302 inclaruisse
1092 3251 1278 3302 auctorest.

177 3335 305 3401 Factum
325 3337 398 3401 iude
411 3381 421 3415 ,
436 3352 487 3411 tt,
504 3339 584 3426 quod
603 3335 808 3402 honorificum
821 3347 892 3402 crat
905 3331 1035 3409 discere,
1058 3349 1138 3398 essct
1152 3337 1282 3415 ignomi-

177 3435 298 3501 niosum
313 3435 438 3500 docere.
453 3437 529 3514 Etsi
539 3456 641 3500 mores
651 3438 764 3500 horum
777 3437 948 3509 hominurn,
963 3437 1015 3516 qui
1022 3437 1094 3498 dum
1102 3435 1283 3500 serviebant

175 3535 310 3604 dominis
323 3537 363 3602 ad
373 3549 576 3618 omnc'genns
595 3536 705 3616 flagitii
720 3549 753 3600 et
767 3536 906 3600 libidinis
916 3536 1020 3600 coacti
1039 3535 1278 3610 adhibebantur,

175 3634 378 3715 respexeris..
388 3653 451 3701 uon
470 3636 631 3702 minimam
645 3635 679 3698 in
694 3635 754 3700 beo
773 3656 810 3698 re
826 3654 950 3698 causam
963 3633 1132 3716 repereris,
1148 3633 1281 3696 uurriri

176 3731 279 3812 prisca
295 3733 462 3801 sanctitate
477 3732 814 3798 cerea'adolesoentum
833 3731 960 3811 ingenia
976 3730 1016 3794 ab
1040 3731 1105 3792 illis
1123 3729 1281 3812 impuden-

176 3827 227 3888 tiae
250 3827 408 3908 magistris
429 3828 601 3892 cohibenda
621 3827 812 3894 censuerint.
836 3828 902 3890 lloc
921 3839 1007 3890 recte
1034 3825 1100 3908 janu
1128 3823 1279 3898 Cellurius

175 3926 353 4014 ostenderat
367 3925 590 3991 ,dissertatione
612 3927 663 3988 De
681 3925 789 3989 stnhis
807 3927 900 3991 Rom.
923 3924 1072 3988 litorariis
1090 3924 1125 3986 io
1147 3924 1229 3994 urbe.
1247 3939 1280 3990 ct

172 4021 355 4104 prouinciis,
362 4022 479 4094 frustra
486 4024 643 4088 renitente
650 4021 1141 4088 Funcnoneadoleceotiaht.
1154 4023 1275 4105 p.-171.

174 4124 221 4186 De
241 4123 417 4194 rhetoribus
437 4125 533 4188 insius
548 4145 640 4206 agere
654 4123 822 4206 comhujus
833 4123 982 4206 propositi
998 4125 1122 4199 nonsit,
1139 4123 1278 4186 remitta-

177 4238 244 4285 mus
252 4220 402 4284 lectorem
416 4223 455 4284 ad
468 4223 606 4305 interpp.
622 4221 689 4286 Cic.
699 4237 703 4246 ’
713 4221 905 4307 Philippsll,
922 4221 972 4296 lt,
990 4220 1280 4286 etCreeolliiThea·

176 4341 208 4382 m
222 4320 315 4382 rhctt.
333 4325 360 4398 l,
382 4323 482 4405 2sqq.
504 4315 561 4408 [V.
579 4325 747 4387 Westcrm.
765 4343 796 4403 p.
821 4322 860 4384 53
879 4317 966 4409 squ]
