3212 5326
883 385 929 458 50

407 528 460 593 60.
484 526 622 594 bloribus
635 524 802 588 iracundus
815 521 874 588 tuit
897 525 937 588 ad
951 522 1106 588 insaniam
1126 541 1223 608 usque
1246 523 1296 608 (v.
1314 525 1475 592 Senecam·

363 631 412 692 De
425 631 472 692 ira
488 631 547 704 111,
565 629 613 710 8),
629 626 765 708 vitaque,
787 645 859 690 cum
880 626 1034 707 insignem
1049 626 1154 688 formae
1170 626 1358 708 ,dignitatem
1368 628 1464 711 impu-

337 728 439 790 ·dics'e
461 721 606 788 mulieres
624 735 658 787 at
681 723 823 786 homines
846 722 998 788 luxuriosi
1014 733 1215 808 expeterent,
1245 725 1341 788 seculi
1364 723 1465 808 potius

276 853 277 856 ¹
362 848 455 910 quam
468 821 516 888 sui
530 823 695 906 culpanon
710 823 786 886 satis
795 841 904 906 purus.
920 821 1102 905 inquinatos
1110 821 1176 906 ejus
1191 843 1294 888 mores
1320 845 1340 886 a
1355 825 1461 891 Valer.

361 926 440 988 Max.
461 925 515 993 tv,
533 920 565 995 2,
581 921 613 992 Ἰ,
625 917 759 1002 Quintil.
775 920 800 996 l,
814 921 846 994 6,
860 919 914 995 29,
931 920 1003 985 coll.
1027 919 1095 982 Cic.
1111 921 1190 1004 Epp.
1214 922 1254 982 ad
1273 921 1342 982 Att.
1356 923 1412 998 Vl,
1431 922 1461 997 l,

359 1019 468 1103 paucis
482 1013 569 1096 tangi
583 1016 732 1080 videmus.
752 1015 946 1080 'Saltatorem
961 1017 1065 1098 (quod
1078 1035 1171 1098 quom
1191 1017 1321 1100 plenum
1335 1015 1463 1099 impudi-

360 1121 482 1184 ciue-et
495 1117 632 1180 convicii
642 1117 748 1194 luerit,
764 1113 898 1200 scimus)
911 1136 982 1179 eum
996 1117 1131 1201 appellat
1144 1117 1282 1182 Macrob.
1297 1119 1342 1194 11,
1372 1137 1402 1180 e.
1424 1119 1463 1184 10

360 1233 456 1297 extr„
479 1221 565 1281 baud
587 1219 682 1280 dubie
699 1218 840 1299 antiquos
860 1230 984 1282 secutus
1006 1229 1162 1282 auctores.
1187 1220 1260 1280 Jam
1282 1217 1463 1301 turpissimae

359 1321 482 1382 feminae
502 1317 618 1382 Clodiae
634 1337 754 1382 amores
774 1319 857 1382 malo
871 1319 1054 1382 documento
1075 1331 1159 1381 sunt.
1180 1316 1270 1382 Coni.
1295 1317 1331 1379 P.
1359 1318 1463 1383 Victo·

360 1421 443 1482 rium
454 1421 530 1483 Ver.
547 1417 745 1494 Lectt.XVl,
765 1418 795 1495 1,
806 1419 966 1498 eleganter
976 1418 1015 1481 de
1028 1418 1098 1482 loco
1118 1416 1233 1481 Catulli
1243 1417 1383 1481 Clodiam
1397 1431 1462 1482 tan·

360 1533 454 1600 gente
475 1518 687 1581 disserentem.
707 1519 852 1598 Magnam
880 1538 999 1601 quoque
1030 1517 1200 1582 Catilinam
1222 1517 1366 1581 assectmi
1385 1517 1462 1600 inia-

360 1621 455 1683 miam
473 1639 540 1682 esse
554 1620 731 1702 oportebat,
748 1632 939 1684 nectantum
958 1621 1042 1684 valet
1052 1617 1217 1686 Ciceronis
1237 1639 1300 1696 ars,
1318 1621 1462 1684 tenebras

359 1719 525 1804 judicibus,
543 1731 578 1780 ut
590 1719 656 1801 ipse
670 1719 760 1794 dixit,
780 1719 972 1796 effundendi,
989 1719 1075 1802 qttin,
1089 1719 1164 1801 quid
1174 1737 1283 1782 verum
1296 1719 1349 1794 sit,
1370 1721 1461 1802 dispi-

361 1819 475 1881 ciatur.
496 1819 574 1878 Inde
599 1818 753 1880 acerrime
772 1817 952 1881 iuimicitias
971 1818 1122 1880 exercuit.
1140 1812 1220 1880 Nam
1244 1817 1362 1896 statim,
1389 1820 1460 1894 Tre·

266 1964 270 1969 .
361 1915 456 1978 borio
469 1916 608 1997 prtelato,
625 1913 742 1978 Caesari
757 1910 944 1989 succensuit,
969 1915 1109 1995 quamvis
1130 1923 1204 1974 aute
1225 1910 1396 1991 legitimum
1408 1933 1460 1976 an·

362 2037 436 2080 num
450 2017 489 2078 ad
510 2026 676 2097 praeturam
700 2025 882 2096 provectus,
904 2011 1272 2098 AppiumqueClaudium
1288 2031 1458 2089 censorem,

359 2113 412 2197 qui
424 2125 637 2176 accusatorem
647 2112 681 2174 in
692 2133 762 2174 curn
776 2112 1010 2187 subornaverat,
1032 2112 1067 2176 in
1079 2112 1262 2192 magistratu
1280 2111 1348 2190 lege
1366 2111 1460 2175 Scau·

359 2215 438 2280 tinia
458 2215 658 2299 (deincestu,
673 2217 778 2287 oredo,
794 2215 905 2295 ut'par
923 2213 993 2294 pari
1009 2213 1172 2296 redderet)
1190 2211 1368 2295 postulavit.
1394 2215 1460 2295 lpse

359 2311 450 2393 hujus
458 2309 508 2371 rei
521 2308 610 2368 testis
622 2307 658 2368 in
673 2305 741 2370 Cia.
757 2311 837 2392 Epp.
854 2309 894 2370 ad
907 2309 992 2372 divv.
1009 2311 1101 2384 Vlll,
1121 2310 1172 2382 12,
1190 2309 1329 2390 quamvis
1342 2311 1381 2371 de
1394 2309 1460 2388 lege

360 2433 423 2474 non
441 2423 506 2472 tam
527 2419 617 2470 certa
634 2427 685 2470 res
702 2421 759 2470 est.
776 2408 880 2470 Etiam
894 2428 965 2470 cum
988 2409 1141 2474 Cicerone
1160 2422 1229 2492 post
1241 2408 1358 2474 bellum
1373 2407 1461 2474 civile

360 2511 440 2574 nihil
461 2506 640 2572 commercii
661 2508 785 2570 videtur
805 2507 959 2572 babuisse.
990 2511 1159 2574 Luxurioso
1181 2511 1254 2575 vitae
1273 2529 1389 2590 genere
1401 2529 1460 2572 aere

359 2608 462 2671 alieno
473 2605 618 2686 obrutum
627 2616 695 2668 'uon
704 2605 806 2668 minus
826 2626 914 2668 suam
928 2627 1019 2688 qnam
1034 2608 1210 2698 debitorum
1228 2626 1352 2670 causam
1366 2607 1461 2687 egisse

359 2707 393 2768 in
407 2716 559 2789 praetura,
576 2721 614 2764 ex
629 2700 753 2775 Velleii,
769 2699 859 2783 quem
873 2701 1075 2780 laudavimus,
1093 2705 1161 2768 loco
1176 2703 1375 2787 perspicitur.

401 2804 453 2866 61.
471 2804 510 2863 ln
521 2812 679 2862 oratorum
689 2817 818 2863 numero
832 2799 965 2862 Coelium
978 2800 1081 2876 luisse,
1099 2801 1201 2864 omnis
1211 2800 1368 2862 consentit
1381 2799 1460 2862 anti·

359 2903 472 2987 quites,
490 2899 677 2982 quinetiam
697 2897 903 2962 clarissimum
915 2899 948 2964 in
969 2901 1008 2963 iis
1023 2920 1136 2984 nomen
1148 2900 1241 2963 luisse
1254 2911 1385 2962 constat.
1402 2901 1461 2962 Re·

359 3023 520 3066 censemus
529 3001 563 3062 in
573 3001 614 3062 iis
627 3000 818 3076 auctoribus,
835 3003 917 3082 apud
930 3021 1006 3082 quos
1019 3001 1116 3064 verbo
1133 3012 1254 3064 tantum
1265 3000 1331 3084 ejus
1344 3001 1460 3064 mentio

359 3101 407 3176 lit,
421 3099 573 3162 Velleium'
589 3099 633 3170 11,
662 3093 713 3170 68,
730 3096 865 3158 Plinium
879 3099 959 3178 Epp.
974 3099 1002 3172 l,
1021 3098 1074 3160 20.
1099 3097 1292 3180 Copiosiores
1318 3099 1391 3159 sunt
1408 3094 1458 3160 Ci·

359 3215 446 3268 cero,
468 3191 691 3274 Quintilianus,
716 3204 827 3254 auctor
841 3187 967 3272 Dialogi
987 3195 1026 3256 de
1052 3194 1240 3257 oratoribus.
1264 3193 1458 3256 Ciceroniaui

359 3296 421 3358 loci
435 3307 506 3356 sunt
520 3294 609 3354 Brut.
625 3310 654 3352 c.
681 3293 734 3366 79,
750 3291 839 3356 Orat.
853 3313 882 3356 c.
899 3293 936 3354 16
950 3307 981 3356 et
996 3297 1048 3360 50.
1062 3297 1111 3362 Ex
1124 3298 1221 3364 Bruto
1234 3297 1456 3374 cognoscimus,

358 3409 423 3458 tum
434 3391 617 3456 elocutionis
629 3391 749 3454 facetiis
761 3405 794 3454 et
806 3405 930 3471 ornatu,
944 3405 1010 3456 turn
1024 3395 1157 3460 actionis
1176 3395 1341 3460 nobilitate
1350 3408 1383 3458 et
1396 3397 1454 3458 ele·

355 3497 464 3577 gartia
475 3493 664 3578 prestitisse.

399 3601 436 3660 ln
448 3611 573 3661 oratore
584 3607 686 3658 autem
701 3615 767 3675 quae
788 3597 826 3659 de
839 3597 987 3660 moestitia
1000 3595 1150 3676 oratoria,
1167 3619 1193 3662 s.
1210 3597 1293 3662 tristi
1306 3612 1339 3661 et
1351 3617 1456 3662 severo

356 3695 481 3758 dicendi
494 3713 610 3774 genere
625 3692 785 3766 dicuutur,
799 3693 938 3776 apprime
946 3695 985 3756 ad
995 3693 1127 3758 Coelium
1137 3691 1328 3776 pingendum
1338 3714 1455 3758 accom-

359 3795 494 3865 modata,
508 3805 540 3854 et
550 3792 585 3854 in
594 3789 698 3884 indole
713 3809 884 3864 causarum,
897 3811 973 3874 quas
985 3792 1059 3872 egit,
1075 3795 1176 3876 posita
1186 3789 1360 3858 sunt'Nam
1371 3802 1458 3858 acon·-

356 3891 454 3951 sando
466 3909 558 3970 quarn
571 3887 763 3950 defendendo
774 3887 935 3950 meliorem
944 3889 1038 3952 luisse
1051 3903 1116 3952 tum
1130 3911 1168 3953 ex
1177 3893 1275 3954 Bruto
1289 3892 1311 3952 l.
1330 3911 1377 3966 c.‚
1394 3902 1456 3951 tum

357 4011 398 4053 ex
416 3988 575 4050 Ciceronis
590 3987 674 4050 dicto
695 3987 775 4068 apud
786 3986 922 4070 Quintil.
947 3991 1002 4063 Vl,
1019 3989 1051 4066 3,
1073 3989 1126 4069 69,
1148 3988 1294 4054 efficitur.
1310 3991 1457 4052 Eumdem

356 4089 485 4152 delicias
494 4087 740 4170 antiquariorum
750 4089 935 4170 captavisse,
949 4092 1048 4154 altero
1061 4091 1194 4154 oratoris
1207 4093 1275 4155 loco
1289 4089 1459 4172 significari

357 4186 491 4254 videtur.
506 4189 546 4250 Et
565 4185 703 4268 prolecto
717 4185 784 4268 ejus
796 4187 836 4248 ad
850 4185 1035 4276 Ciceronem
1046 4185 1182 4272 epistole
1194 4189 1284 4272 hujus
1300 4188 1383 4262 vitii,
1394 4199 1459 4250 tunt
