3288 5344
887 465 931 538 34

359 605 447 682 Vlll,
467 607 517 683 10,
533 608 563 684 1,
579 601 788 690 Quintilianus
803 609 830 680 l,
847 607 897 681 10,
915 607 966 680 21,
991 608 1026 666 A.
1040 607 1159 670 Gellius
1171 607 1198 678 Ι,
1218 605 1267 679 11,
1290 605 1450 667 exhibent.

357 703 563 768 Ciceroniana
582 706 615 766 in
634 705 702 766 loco
724 716 851 767 rectene
870 721 928 785 pro
951 700 1071 765 Licinio
1098 702 1269 786 Erycinum
1292 703 1453 785 scripserit

357 804 503 864 Ernestus
515 823 577 864 non
592 800 659 864 sine
674 823 765 866 causa
776 802 897 865 dubitat
911 801 1069 884 Spalding.
1085 805 1124 863 nd
1136 801 1269 884 Quintil.
1282 803 1303 864 l.
1319 823 1349 863 c.
1359 802 1454 864 Schti·

356 897 434 959 tzias
457 911 619 978 utrumque
639 917 752 961 nomen
777 899 914 980 recepit,
936 900 969 960 in
992 919 1051 980 quo
1079 900 1262 960 Plutarchus
1289 911 1321 959 ct
1335 899 1455 962 Gellius

356 997 547 1078 conspirant.
561 999 631 1058 Non
641 995 891 1079 improbabiliter
911 997 1038 1072 iactum,
1057 999 1082 1060 si
1100 998 1278 1076 cogitemus,
1296 997 1450 1058 Licinium

344 1094 437 1155 'hunc
450 1096 618 1174 Erycinum
631 1095 731 1172 gentis
745 1095 882 1168 Liciniae,
893 1095 1039 1157 libertum
1061 1115 1130 1157 cum
1142 1086 1280 1160 Gracchi
1295 1113 1389 1156 rurore
1403 1095 1451 1156 Li·

353 1194 439 1256 ninia
449 1193 483 1256 in
501 1195 567 1277 ejus
582 1197 758 1257 clientelam
772 1195 904 1258 venisse.
924 1197 1064 1275 Insignes
1075 1199 1113 1258 de
1130 1197 1265 1259 Gracchi
1277 1195 1450 1276 eloquentia

353 1291 459 1352 laudes
469 1289 667 1374 reperiuntur
679 1292 746 1354 Cic.
761 1295 849 1355 Brut.
864 1313 893 1354 c.
913 1293 963 1355 33.
982 1295 1067 1355 ldem
1082 1295 1129 1356 De
1140 1307 1220 1356 crat.
1232 1295 1290 1368 111,
1308 1297 1358 1368 56,
1374 1293 1447 1367 214,

352 1389 386 1450 in
401 1389 597 1450 vehementia
621 1388 687 1470 ejus
710 1391 883 1452 extollenda
898 1411 966 1452 cnm
984 1389 1111 1471 judicio·
1127 1391 1269 1474 populari
1284 1390 1447 1462 consentit,

353 1485 440 1566 cujus
452 1487 619 1568 Appuleius
633 1489 720 1569 Apol.
737 1511 768 1572 p.
787 1489 843 1549 551
863 1492 913 1552 ed.
927 1491 1006 1550 Elm.
1018 1489 1059 1572 (p.
1072 1493 1111 1553 99
1127 1491 1174 1552 ed.
1192 1487 1271 1571 Rip.)
1283 1501 1314 1550 et
1326 1491 1364 1548 A.
1379 1489 1450 1551 Gel-

350 1585 411 1644 lins
419 1583 459 1656 X,
473 1583 503 1658 3,
515 1597 608 1646 testes
617 1597 752 1660 exstant,
766 1585 1156 1667 quamvisCatonemillum
1171 1599 1310 1646 veterem
1322 1585 1355 1645 in
1369 1584 1449 1644 simi·

348 1680 430 1740 libus
440 1680 518 1742 locis
532 1681 704 1744 tractandis
713 1683 813 1743 rideri
822 1683 1035 1744 nervosiorem
1044 1703 1107 1743 non
1118 1679 1297 1743 diffiteatur.
1311 1682 1372 1744 Sed
1385 1699 1448 1742 nou

352 1777 427 1838 satis
441 1779 612 1858 prudenter
622 1779 707 1840 locos
721 1780 925 1843 Gracchanus
940 1780 1044 1857 elegit.
1062 1781 1141 1840 Nam
1156 1777 1367 1840 auctoretiatn
1379 1778 1450 1838 Dia·

351 1873 414 1952 logi
428 1876 476 1936 De
490 1889 583 1937 oratt.
603 1897 632 1938 c.
653 1876 703 1951 18,
731 1877 902 1958 pleniorem
917 1877 1046 1949 Catone,
1064 1887 1134 1937 etc.
1153 1877 1206 1951 26,
1222 1865 1450 1938 vehementiam

351 1973 417 2055 ejus
430 1974 615 2036 calamistris
630 1975 958 2054 Moecenatiauislonge
972 1975 1196 2054 praeferendam
1208 1973 1340 2055 judicat.
1360 1976 1449 2035 Ama·

349 2075 485 2137 ritndine
505 2089 536 2137 et
556 2076 721 2139 dicacitate
740 2077 832 2154 longe
851 2095 956 2138 omnes
976 2094 1136 2157 superasse
1160 2095 1199 2135 ex
1223 2074 1392 2136 Plutarcho
1416 2073 1449 2135 in

351 2171 424 2234 Vita
438 2192 467 2233 c.
485 2172 516 2247 t,
540 2174 611 2234 coll.
629 2193 660 2234 c.
676 2174 696 2234 2
740 2173 886 2250 colligere
907 2191 1074 2254 possumus,
1099 2172 1195 2233 multa
1213 2171 1359 2232 similiaa
1385 2187 1450 2231 sese

349 2270 480 2350 prolatis
493 2270 526 2330 in
539 2271 665 2351 scriptis
678 2271 817 2332 Gracchi
832 2270 933 2331 inesse
958 2269 1143 2330 affirmante.
1171 2267 1382 2350 componendi
1402 2287 1450 2327 ar·

290 2377 292 2380 ’
350 2381 415 2431 tem
425 2389 488 2434 non
498 2371 574 2435 satis
588 2369 728 2432 calluisse
746 2371 856 2433 Cicero
868 2371 1008 2452 exemplu
1025 2371 1146 2452 prolato
1167 2368 1256 2432 Orat.
1271 2389 1301 2430 c.
1325 2370 1374 2441 10,
1399 2371 1452 2428 de-

351 2479 514 2542 monstrat,
529 2467 580 2530 cui
591 2487 654 2529 non
664 2468 805 2530 absimile
819 2481 867 2530 est
876 2469 920 2542 id,
931 2469 1012 2549 quod
1024 2487 1073 2550 ap·
1085 2469 1174 2530 Auct.
1188 2469 1228 2531 ad
1238 2461 1446 2540 Hereum-IV,

352 2563 404 2637 34,
428 2563 563 2642 legitur:
582 2564 720 2625 Nimium
739 2567 873 2647 Qur'rites
888 2583 956 2647 sqq.
982 2566 1085 2626 Etiam
1111 2569 1151 2626 A.
1172 2565 1292 2628 Gellius
1307 2563 1368 2637 ΧΙ,
1389 2563 1446 2638 13,

352 2662 557 2736 artificiosius,
568 2677 687 2728 structa
699 2665 808 2742 rerba,
837 2687 928 2747 quam
942 2685 1000 2748 pro
1014 2665 1112 2728 aetatis
1125 2666 1257 2740 ratione,
1279 2665 1338 2741 illi„
1349 2665 1452 2746 elapsa

288 2827 293 2836 ,
352 2765 495 2826 miratus.
509 2766 665 2828 Dissimus
678 2767 762 2840 inde,
774 2786 811 2828 eo
825 2779 965 2850 tempore
980 2767 1184 2830 Gracchanas
1195 2766 1362 2827 conciones
1377 2785 1450 2826 uon·

352 2865 558 2927 dum'desitas
577 2866 612 2928 in
637 2866 749 2929 scholis
770 2868 902 2929 versari.
931 2866 997 2928 Hoc
1020 2866 1124 2926 multis
1147 2883 1266 2945 qnoque
1287 2863 1452 2926 Frontonis

349 2963 427 3026 locis
441 2965 596 3042 videmus;
617 2977 651 3026 ut
666 2969 744 3048 Epp.
763 2969 802 3027 ad
816 2969 858 3026 M.
882 2967 957 3028 Caes.
986 2968 1028 3039 ΙΙ,
1061 2966 1091 3037 1,
1107 2985 1140 3046 p.
1156 2965 1195 3044 46
1219 2966 1268 3026 ed.
1298 2965 1405 3028 Berol..
1419 2975 1451 3023 et

350 3063 430 3142 Epp.
446 3065 485 3124 ad
507 3065 658 3124 Antonin.
685 3066 765 3140 Aug.
783 3065 810 3136 l,
835 3064 866 3136 2,
889 3081 922 3142 p.
941 3064 979 3124 08
1008 3060 1169 3148 [nimirum
1185 3063 1247 3137 ΙΙΙ,
1274 3059 1326 3136 13,
1353 3081 1386 3142 p.
1411 3061 1449 3122 83

351 3176 398 3236 sq.
414 3169 447 3216 et
474 3159 535 3229 tv,
566 3158 597 3230 2,
624 3176 656 3237 p.
678 3159 717 3221 03
735 3177 781 3238 sq.
799 3158 849 3217 cd.
872 3153 995 3243 Romj.
1016 3156 1068 3218 Sic
1090 3157 1203 3220 Catoni
1216 3170 1249 3217 et
1264 3157 1365 3218 Tullio
1379 3177 1450 3218 cum

349 3255 439 3317 lande
453 3255 586 3330 additur,
608 3257 657 3317 De
676 3257 755 3336 eloq.
774 3275 806 3336 p.
837 3255 875 3317 81
906 3249 952 3342 [p.
980 3257 1040 3318 228
1061 3277 1108 3339 sq.
1137 3259 1186 3320 ed.
1208 3255 1327 3346 Rom}
1345 3260 1450 3338 Neque

334 3383 337 3390 v
350 3355 457 3436 inepte
470 3353 625 3416 iaciebant
639 3354 692 3417 illo
707 3369 865 3437 tempore,
895 3357 934 3416 ad
948 3358 1004 3418 hos
1019 3359 1195 3430 redeuntes,
1221 3359 1311 3418 modo
1327 3358 1448 3420 castita·
1541 3365 1546 3378 “

350 3463 412 3512 tem
423 3451 594 3533 potuissent
606 3451 733 3513 imitari.
755 3449 857 3540 [Cori.
874 3453 1060 3534 Quintiliani
1071 3453 1223 3534 judicium
1233 3454 1271 3514 dc
1281 3473 1319 3514 ea
1330 3454 1447 3514 relust.

349 3554 393 3628 ΙΙ,
410 3554 440 3628 5,
458 3549 528 3643 21]
553 3553 761 3618 Circumcisas
781 3567 814 3616 et
828 3555 940 3616 breves
954 3553 1019 3636 ejus
1045 3555 1202 3616 crationes
1215 3556 1249 3615 in
1270 3565 1451 3617 transcursu

350 3656 451 3734 tangit
472 3656 553 3718 Plin.
575 3658 653 3738 Epp.
671 3659 698 3731 Ι,
718 3657 770 3720 20.
791 3656 888 3717 Paulo
906 3654 1004 3734 magis
1021 3657 1059 3716 ad
1075 3657 1228 3718 interiora
1243 3667 1275 3716 et
1296 3669 1401 3737 partes
1418 3671 1450 3718 et

349 3751 478 3815 consilia
485 3755 661 3816 orationum
671 3765 821 3834 spectant,
839 3754 919 3832 quod
930 3753 1056 3816 Servius
1068 3754 1106 3813 ad
1115 3753 1204 3832 Virg.
1217 3755 1287 3814 AEn.
1300 3751 1355 3827 ΧΙ,
1373 3753 1445 3828 301,

349 3846 415 3928 ejus
428 3859 461 3909 et
478 3847 604 3911 Catonis
614 3849 838 3931 simplicissima
858 3869 923 3911 esse
940 3849 1091 3930 prooemia
1112 3860 1144 3910 et
1162 3850 1285 3911 alaude
1297 3849 1363 3910 lere
1377 3850 1447 3910 deo·

348 3967 419 4009 rum
431 3945 585 4028 inciperc3
601 3947 856 4010 honorificentius
867 3960 971 4010 autem
986 3949 1067 4029 quod
1078 3949 1265 4028 Augustinus
1278 3951 1443 4030 Praeceptt.

348 4044 442 4106 rhett.
464 4063 496 4124 p.
512 4043 571 4104 321
594 4047 642 4106 ed.
660 4045 868 4126 Capperonn.,
888 4044 982 4123 digna
998 4047 1138 4109 Gracchi
1164 4063 1306 4127 persona,
1333 4045 1398 4109 vita
1415 4055 1446 4106 et

346 4143 483 4206 moribus
494 4141 619 4208 exordia
632 4145 732 4209 rideri
742 4143 933 4229 pronuntiat,
951 4165 1021 4208 curn
1033 4145 1139 4208 Erucii
1152 4163 1287 4230 persona
1296 4147 1444 4210 Nostrum

351 4260 544 4326 comparans.
