3288 5344
180 595 253 638 cum
266 573 453 656 Antipatro,
469 569 572 638 Crassi
585 569 750 652 magistro,
764 569 898 646 Rutilio,
916 571 1058 649 sunau,
1074 575 1284 662 Quadrigarius

178 670 295 754 jungit,
311 692 349 736 ea
363 681 484 735 tautum
498 669 536 733 de
550 688 642 733 causa
655 665 702 744 lit,
718 670 800 750 quod
813 667 959 733 historias
978 689 1042 734 uuo
1060 679 1199 760 tempore
1218 679 1282 741 edi·

181 771 308 834 derunt.
333 765 414 832 Nam
431 767 566 832 Rutilius
583 766 666 830 haud
685 764 780 829 dubie
799 764 891 828 anuis
911 767 951 829 ad
972 767 1136 834 minimum
1152 773 1283 856 triginta

183 867 284 950 major
297 865 365 930 luit.
386 865 553 929 llortensio
566 864 728 946 majorem,
743 865 797 926 sed
811 863 964 926 minorem
982 865 1018 924 P.
1038 865 1175 950 Sulpicio
1193 883 1226 934 et
1242 873 1280 936 C.

182 963 275 1028 Cotta
289 961 380 1023 tuisse
394 981 432 1024 ex
443 963 540 1023 Bruto
551 958 593 1045 (c.
604 959 654 1046 st)
669 958 836 1040 colligitur.
852 961 996 1044 Quorum
1008 974 1083 1026 etas
1096 981 1167 1028 curn
1179 966 1285 1030 decem

179 1063 273 1142 annm
282 1063 387 1138 distet,
395 1061 560 1126 Sisennam
571 1058 658 1126 circa
669 1081 786 1124 anuum
794 1061 854 1125 ost
866 1060 976 1124 natum
986 1081 1113 1126 necesse
1123 1063 1195 1138 erit,
1206 1068 1286 1149 quod

183 1183 254 1226 cum
263 1175 399 1246 proettua
406 1159 736 1242 satisbenecongruit.
750 1157 802 1248 [C.
811 1162 849 1224 L.
858 1161 971 1236 Rothe,
983 1163 1021 1224 L:
1030 1160 1127 1226 Corn.
1137 1161 1284 1240 sisennas,

182 1260 257 1322 hist.
269 1262 375 1335 Rom,
386 1258 465 1322 rita.
481 1251 703 1348 Basil.1834.]
727 1256 926 1339 Scripserunt
939 1258 979 1321 de
991 1246 1126 1323 Sisenna
1137 1259 1286 1326 historico
1406 1249 1408 1256 ¹

183 1361 311 1424 Fulvius
323 1361 456 1430 Ursinus
469 1359 504 1423 in
516 1358 605 1424 Notis
619 1360 659 1421 ad
668 1358 853 1423 Ciceronem
863 1378 897 1442 p.
910 1357 985 1432 292,
998 1359 1155 1424 Corradus
1166 1361 1206 1423 ad
1214 1363 1289 1424 Bru·

186 1474 254 1526 turn
267 1485 299 1546 p.
313 1463 386 1540 344,
409 1475 442 1526 et
457 1462 583 1528 Vossius
603 1463 652 1524 De
671 1459 744 1524 bist.
766 1461 837 1522 Lat.
850 1461 878 1536 l,
893 1449 944 1535 10,
957 1480 990 1543 p.
1003 1459 1055 1523 ll.
1073 1461 1130 1546 llis
1149 1463 1289 1526 addimus

185 1559 404 1622 Ruhnkenium
418 1561 458 1620 ad
468 1559 578 1624 Vellei.
590 1557 635 1634 ΙΙ,
651 1560 682 1634 9,
699 1577 733 1640 p.
746 1555 820 1634 100,
836 1557 890 1638 qui
903 1575 980 1639 opus
993 1554 1060 1637 ejus
1074 1557 1114 1620 de
1127 1555 1210 1620 bello
1220 1559 1288 1622 Sul·

182 1661 255 1722 lano
269 1679 334 1722 nou
351 1672 506 1722 secretum
519 1681 538 1722 a
551 1661 763 1724 Romanarum
776 1677 885 1720 rerum
899 1657 1031 1722 historia
1044 1656 1149 1733 fuisse,
1166 1661 1220 1722 sed
1234 1679 1288 1742 po*

183 1761 245 1823 tius
266 1759 333 1841 ejus
352 1773 473 1842 partem
487 1759 625 1823 eiiecisse
644 1771 762 1822 censet.
779 1759 966 1838 Fragmenta
986 1759 1099 1821 horum
1117 1759 1285 1835 librorum,

184 1857 239 1940 qui
249 1875 380 1920 numero
394 1857 481 1919 luere
498 1857 550 1931 22,
565 1855 697 1918 collecta
710 1875 789 1932 esse,
805 1875 896 1918 nemo
911 1843 1021 1918 nescit.
1041 1851 1189 1945 [Kreusii
1207 1856 1285 1924 viu.

183 1967 217 2016 et
236 1956 392 2034 Frsgmm.
423 1954 498 2016 hist.
525 1955 617 2016 Rom.
641 1971 675 2036 p.
706 1951 766 2016 299
790 1949 875 2042 susp]
900 1952 1050 2034 Quamvis
1078 1966 1181 2016 autem
1202 1973 1291 2037 sope-

184 2054 304 2116 raverit
324 2053 507 2126 historicos,
532 2052 586 2134 qni
606 2063 843 2134 processerant,
865 2063 989 2138 tantum
1007 2065 1113 2115 tamen
1133 2073 1152 2115 a
1171 2073 1290 2118 smnmo

183 2150 272 2228 aluit,
287 2163 322 2210 ut
331 2149 443 2212 Cicero
457 2151 491 2212 in
502 2149 636 2230 Legibus
645 2151 674 2224 1,
686 2149 718 2225 2,
729 2148 892 2212 historiam
906 2169 925 2211 a
939 2149 1059 2212 Latinis
1072 2149 1172 2214 literis
1183 2151 1290 2216 abesse

184 2267 248 2310 non
258 2245 426 2341 reritnssit
433 2247 653 2329 pronuntiare.
668 2249 777 2312 Genus
792 2244 916 2310 dicendi
930 2245 1102 2310 obsoletum
1113 2259 1145 2309 et
1155 2259 1289 2311 vetustas

184 2349 226 2412 tis
241 2348 376 2428 aemgine
389 2347 521 2411 obsitum
535 2347 646 2425 hulme,
668 2362 735 2410 tum
753 2347 866 2411 leviter
879 2348 914 2410 in
928 2349 1026 2412 Bruto
1040 2347 1153 2412 Cicero
1167 2351 1289 2413 notarit

183 2447 205 2507 l.
220 2465 248 2508 c.
262 2446 411 2510 inusitate
430 2444 607 2526 loquentem
627 2445 710 2510 bene
729 2465 796 2509 sese
814 2446 900 2528 loqui
918 2459 1040 2528 putasse
1059 2466 1201 2524 censens,
1223 2459 1288 2511 tum

181 2543 312 2620 Gellius,
324 2545 439 2620 Varro,
456 2544 669 2628 Quintilianus
682 2545 861 2609 ostendunt.
877 2539 931 2632 [V.
942 2543 983 2606 ir.
994 2563 1028 2626 p.
1039 2539 1128 2630 les]

225 2647 388 2710 Addamus
400 2647 461 2708 hoc
482 2644 563 2721 loco,
580 2645 607 2707 si
622 2645 783 2708 notatione
796 2657 879 2724 eget,
896 2663 953 2706 uos
966 2645 1006 2707 de
1021 2630 1065 2708 hl.
1081 2646 1182 2709 Tullio
1199 2645 1287 2710 Cice·⁴

180 2764 259 2810 rone
269 2747 348 2810 nihil
359 2747 509 2810 dicturos.
526 2747 612 2828 Quid
623 2747 707 2808 enim
719 2766 738 2807 a
750 2757 797 2805 tot
808 2746 987 2808 auctoribus
995 2747 1127 2810 laudetis
1136 2747 1188 2810 vel
1197 2768 1288 2812 enar·

180 2843 260 2904 ratis
272 2843 344 2906 addi
359 2842 485 2926 potest?
499 2845 578 2906 Nam
589 2860 649 2902 nec
660 2851 731 2918 eget
741 2839 769 2899 is
779 2839 830 2899 vir
839 2841 930 2902 laude
941 2853 1059 2916 nostra,
1071 2855 1104 2903 et
1115 2863 1211 2925 opera
1221 2845 1289 2926 ejus

181 2942 320 3003 omnium
330 2939 498 3002 imitationi
511 2937 670 3020 proposita
684 2947 818 3010 exstant,
837 2935 876 2998 de
893 2936 1005 3018 quibem
1015 2937 1107 3002 facile
1122 2952 1288 3004 etcertum

183 3038 302 3101 leretur
313 3037 478 3120 judicium,

229 3136 281 3198 56.
305 3136 437 3209 Eorum
460 3133 514 3213 qui-
526 3131 687 3196 Cieeronis
704 3133 790 3194 etati
808 3151 957 3215 suppares
975 3145 1085 3209 erant,
1106 3153 1198 3198 nemo
1215 3135 1285 3198 Ser.-

181 3232 319 3314 Sulpicio
330 3237 410 3316 Rufo
423 3235 588 3298 illustrior.
604 3234 663 3298 llic
673 3249 766 3315 gente
776 3234 995 3318 antiquissime
1006 3235 1179 3301 nobilitatis
1186 3252 1288 3311 ortus,

184 3344 219 3393 ut
232 3333 300 3414 ipse
314 3335 348 3396 in
363 3335 538 3395 acousendo
552 3334 590 3394 L.
609 3333 739 3395 Murena
758 3330 892 3413 jactavit
914 3333 993 3412 (Cic.
1015 3335 1077 3398 Pro
1095 3339 1178 3400 Mur.
1200 3356 1230 3398 e.
1246 3339 1286 3414 lh

182 3433 238 3495 sed
249 3429 402 3512 majorum
416 3430 508 3515 culpa
521 3441 586 3493 tam
599 3431 742 3504 obscura,
756 3444 790 3492 ut
799 3444 890 3514 pater
901 3444 933 3494 et
943 3453 1030 3508 arus,
1042 3435 1214 3499 honoribus
1225 3457 1289 3498 non

53 3537 56 3543 '
186 3528 297 3604 iuncti,-
313 3529 398 3590 iuter
411 3540 587 3610 equestrem
601 3529 785 3609 dignitatem
799 3529 1012 3594 subsisterent.
1031 3532 1094 3595 Sed
1103 3535 1154 3596 vel
1170 3535 1210 3594 ad
1226 3535 1290 3615 ple·

186 3628 258 3694 bem
277 3628 425 3690 transisse
444 3626 538 3691 Rufos
552 3627 720 3710 Sulpicius,
738 3628 788 3690 rel
802 3629 852 3690 bis
866 3628 1032 3710 adoptione
1045 3629 1128 3692 iacta
1147 3631 1290 3694 evenisse
1376 3701 1377 3708 χ

188 3745 315 3804 necesse
329 3736 387 3797 est,
400 3725 480 3786 utP.
492 3723 658 3808 Sulpicius,
670 3727 707 3788 de
719 3744 779 3806 quo
794 3725 922 3804 emmus,
933 3723 1036 3804 hujus,
1048 3727 1153 3800 credo,
1163 3740 1293 3809 patruus
1334 3805 1340 3818 .

187 3823 239 3890 'vel
253 3825 458 3888 consobrinus
471 3836 562 3887 aetate
575 3825 687 3908 majori
699 3825 750 3887 vel
765 3826 833 3890 Ser.
850 3821 1005 3908 Sulpicius
1020 3826 1120 3888 nostri
1134 3825 1215 3890 filius
1228 3829 1292 3910 ple·

188 3921 272 3986 heios
291 3923 492 4004 magistratus
507 3922 673 4001 gesserint.
699 3923 748 3984 De
769 3920 869 3985 nostri
888 3922 956 3986 Ser.
973 3922 1105 4005 Sulpicii
1122 3925 1291 3988 honoribus

190 4036 253 4084 nou
268 4020 343 4084 satis
356 4031 490 4083 constat.
515 4020 578 4083 Sed
592 4040 662 4082 curn
676 4019 823 4082 Ciceroni
837 4033 928 4083 aetate
943 4020 1040 4083 ferme
1054 4041 1112 4102 par
1126 4021 1236 4099 luerit,
1260 4037 1292 4087 et

190 4117 383 4180 consulatum
397 4117 451 4179 illo
467 4115 591 4180 consule
607 4118 750 4198 petierim
772 4129 1001 4201 proeturamque
1022 4119 1220 4200 questionem
1242 4143 1294 4204 pe·

190 4214 309 4278 culatus
322 4209 449 4278 sortitus
464 4235 493 4277 a.
509 4213 569 4277 688
585 4215 714 4294 gesserit
730 4214 831 4298 (Mur.
846 4237 874 4280 c.
891 4217 944 4298 20)
967 4212 1211 4284 consentaneum
1234 4231 1290 4294 est,

1057 4331 1088 4380 10
