3218 5320
876 476 945 548 338

359 611 517 688 stiterunt,
534 625 625 697 atque
642 617 683 672 ita
698 611 833 674 inlibris
847 613 946 675 adhuc
958 617 1107 697 seruntur
1121 612 1164 695 (i.
1181 634 1209 676 e.
1226 613 1259 677 in
1275 635 1382 678 eorum
1395 637 1461 678 ora·

350 718 520 795 ,contemp
542 719 640 783 Curio
652 739 739 790 avus,
759 721 812 800 qni
827 721 970 786 Serrium
983 718 1125 784 Fulvium
1138 718 1251 784 incesti
1261 743 1349 785 reum
1360 723 1461 786 delen-

356 818 413 895 dit,
433 831 466 880 et
486 817 539 880 hic
557 818 593 880 C.
616 817 712 882 Curio
728 829 829 900 pater,
845 820 899 899 qui
913 821 950 881 P.
969 819 1075 882 Clodio
1096 817 1204 894 adluit,
1232 831 1265 880 et
1282 821 1393 882 tertius
1407 823 1458 884 ille

355 918 451 982 Curio
467 917 665 992 tribunicius,
693 919 747 1000 qui
761 917 844 980 bello
859 915 946 980 civili
960 918 1150 1000 Pompeiano
1165 918 1199 981 iu
1215 915 1324 982 Africa
1342 917 1456 1000 periit:

354 1014 522 1080 cumcuim
532 1029 612 1079 esset
621 1013 758 1098 partium
769 1017 912 1090 Caesaris,
928 1037 1092 1100 oppressus
1101 1029 1148 1078 est
1158 1018 1199 1080 ab
1209 1016 1363 1098 equitibus
1371 1019 1458 1082 lube

352 1133 446 1194 regis.

397 1215 481 1278 Plin.
496 1215 537 1277 H.
555 1217 592 1276 Ν.
605 1216 684 1288 Vll,
694 1214 730 1275 ll
750 1219 844 1282 :Una
854 1211 971 1276 familia
985 1213 1167 1290 Curionum,
1184 1216 1218 1276 in
1232 1237 1292 1296 qua
1308 1231 1371 1279 tres
1384 1219 1455 1281 eon·

352 1315 438 1374 tinne
451 1311 533 1376 serie
547 1323 689 1376 oratores
702 1311 899 1372 exstiterunt.

392 1413 440 1476 De
455 1431 513 1474 avo
524 1423 556 1474 et
570 1423 661 1493 patre
670 1429 763 1492 supra
780 1406 910 1474 dietum.

717 1611 798 1682 XC.
828 1611 871 1678 T.
901 1609 1087 1682 Labienus.

388 1831 509 1895 Seneca
520 1827 673 1891 Controu.
690 1829 729 1898 V,
746 1845 778 1906 p.
794 1826 855 1887 319
871 1847 917 1906 sq.
932 1827 987 1887 ed.
1004 1824 1092 1908 sip:
1110 1828 1158 1890 De
1168 1828 1305 1892 Labieno
1316 1831 1450 1894 interro-

345 1929 450 2011 gatis?
463 1928 660 1992 Declamavit
673 1945 736 1988 non
744 1929 870 2005 quidem
885 1928 1008 2010 populo,
1026 1929 1079 1990 sed
1092 1929 1227 2008 egregie.
1246 1933 1316 1994 Non
1341 1935 1449 1994 admit·

345 2030 432 2092 tebat
449 2025 607 2110 populum,
631 2040 664 2088 et
685 2026 757 2107 qnia
781 2026 917 2086 nondum
937 2027 1002 2086 haec
1018 2029 1206 2088 consuetudo
1227 2042 1297 2089 erat
1310 2030 1446 2103 inducta,

344 2141 377 2190 et
387 2127 459 2209 quia
473 2123 604 2207 putabat
617 2136 707 2204 turpe
721 2142 759 2185 ac
770 2122 889 2185 lrirolae
900 2117 1095 2202 jactationis.
1112 2122 1289 2184 dilectabat
1299 2127 1363 2188 imo
1377 2147 1449 2188 cen·

343 2227 463 2289 sorinm
477 2222 690 2307 supercilium,
705 2243 773 2284 eum
790 2221 976 2283 aliusanimo
990 2233 1082 2284 esset.
1101 2223 1242 2300 Magnus
1256 2238 1378 2300 orator,
1399 2227 1451 2306 qui

346 2346 403 2408 per
419 2325 517 2386 multa
535 2323 756 2404 impedimenta
770 2323 937 2396 eluctatus,
963 2324 1002 2382 ad
1016 2323 1127 2384 lamam
1144 2319 1264 2403 ingenii
1279 2325 1450 2389 confitenti·

342 2423 401 2484 bus
414 2417 512 2500 magis
534 2417 713 2480 horninibus
724 2432 914 2500 peruenerat
925 2438 1020 2497 quam
1039 2417 1226 2482 volentibus.
1241 2421 1368 2484 Summa
1381 2443 1449 2502 ege·

343 2533 406 2581 stas
420 2529 501 2591 erat,
522 2533 641 2576 summa
651 2511 792 2588 infamia,
812 2533 963 2576 summum
975 2512 1092 2577 odium.
1107 2516 1220 2595 Magna
1239 2530 1342 2578 autem
1357 2519 1449 2583 debet

344 2635 410 2680 esse
425 2610 614 2694 eloquentia,
628 2629 695 2690 quae
711 2607 819 2674 invitis
827 2611 961 2694 placeat.
975 2611 1052 2674 Cum
1060 2612 1187 2691 ingenia
1194 2612 1282 2674 lavor
1291 2613 1449 2679 hominnm

341 2715 497 2788 ostendat,
520 2711 609 2773 favor
624 2711 700 2785 alat,
715 2723 862 2791 quantam
883 2711 947 2772 vim
963 2727 1030 2773 esse
1054 2725 1190 2795 oportet,
1213 2731 1279 2794 quae
1293 2711 1377 2778 inter
1394 2717 1446 2778 ob-

341 2810 457 2872 stantia
480 2805 651 2888 erumpet?
672 2807 768 2868 Nemo
783 2819 862 2881 erat,
887 2803 975 2888 quin,
991 2826 1062 2867 cum
1081 2804 1201 2870 homini
1215 2805 1321 2870 omnia
1334 2810 1447 2893 objice·

340 2923 401 2987 ret,
423 2909 550 2989 ingenio
565 2907 696 2969 multum
708 2905 904 2969 tribueret...
922 2907 1015 2972 Color
1028 2907 1181 2970 orationis
1195 2909 1340 2990 antiquae,
1357 2907 1447 2991 vigor

340 3031 439 3078 norae.
455 3011 565 3074 Cultus
587 3009 673 3072 inter
687 3020 829 3070 nostrum
843 3028 880 3071 ac
894 3005 983 3090 prius
997 3008 1134 3072 seculum
1156 3007 1285 3087 medius,
1312 3026 1346 3072 ut
1360 3012 1446 3074 illum

339 3125 444 3196 posset
457 3123 588 3190 utraque
603 3127 676 3188 pars
690 3105 751 3170 sibi
766 3107 942 3171 vindicare.
960 3107 1101 3170 Libertas
1125 3123 1224 3186 tanta,
1241 3123 1276 3170 ut
1293 3111 1447 3176 libertatis

340 3231 455 3276 nomen
469 3207 645 3278 excederet,
662 3219 704 3283 et,
725 3207 797 3289 quia
811 3205 924 3290 passim
939 3206 1065 3270 ordines
1077 3205 1279 3290 hominesque
1293 3209 1444 3292 laniabat,

341 3309 494 3371 Rabienus
508 3317 686 3368 uocaretur.
704 3304 836 3366 Animus
856 3325 914 3388 per
934 3303 1013 3367 uitia
1036 3307 1158 3386 ingens,
1175 3319 1207 3368 et
1222 3310 1261 3369 ad
1275 3309 1446 3372 similitudi·

340 3430 411 3474 nem
434 3403 553 3486 ingenii
569 3405 617 3468 sui
637 3404 800 3484 violentus,
828 3418 857 3468 et
884 3403 937 3488 qui
950 3407 1153 3489 Pompeianos
1166 3405 1294 3491 spiritus
1309 3413 1444 3474 noudum

339 3511 374 3574 in
398 3521 487 3572 tanta
514 3527 590 3590 pecc
606 3493 768 3589 posuisset.
786 3509 823 3568 ln
848 3507 931 3568 hunc
949 3503 1084 3588 primum
1109 3506 1284 3588 excogitata
1304 3523 1352 3572 est
1366 3532 1444 3574 nova

340 3631 433 3694 poena
452 3631 461 3670 r
476 3608 620 3675 ellectum
636 3618 684 3670 est
698 3602 783 3694 euim
800 3627 857 3690 per
871 3603 1027 3680 inimicos,
1053 3621 1087 3668 ut
1101 3627 1208 3672 omnes
1225 3609 1292 3691 ejus
1307 3608 1384 3672 libri
1398 3613 1445 3674 in·

339 3711 559 3772 conderentur.
578 3707 648 3768 Non
666 3705 738 3766 tulit
751 3706 834 3767 hanc
848 3701 1006 3766 labienus
1020 3708 1251 3780 contumeliam,
1269 3728 1327 3770 nec
1342 3729 1443 3791 snper·

338 3825 401 3874 stes
415 3829 481 3872 esse
490 3807 617 3888 ingenio
630 3826 684 3868 suo
696 3807 805 3878 voluit,
821 3808 874 3868 sed
895 3803 929 3868 in
943 3819 1143 3870 monumenta
1158 3827 1191 3870 se
1206 3807 1359 3890 majorum
1372 3829 1439 3873 suo·

338 3927 408 3972 rum
421 3905 498 3968 ferri
509 3903 599 3984 jussit
613 3917 705 3984 atquc
724 3903 770 3964 ita
784 3899 916 3976 includi,
935 3904 1055 3965 veritus
1068 3897 1190 3966 scilicet
1210 3924 1250 3966 ne
1272 3906 1367 3985 ignis,
1388 3903 1440 3988 qni

338 4003 459 4070 nomini
482 4021 536 4063 suo
550 4000 708 4082 subjectus
721 4013 802 4072 erat,
821 4001 947 4083 corpori
960 4015 1151 4081 negaretur:
1175 4021 1239 4064 non
1254 4002 1357 4066 linivit
1372 4016 1438 4064 tan·

337 4121 404 4169 tum
414 4121 448 4164 se
461 4100 538 4183 ipse,
549 4100 603 4160 sed
617 4098 712 4160 etiarn
721 4094 873 4177 sepelivit.
892 4096 1020 4166 Memini
1034 4099 1197 4180 aliquando
1212 4120 1282 4162 cum
1292 4101 1439 4163 recitaret

314 4221 316 4226 ’
337 4201 515 4270 historiam,
540 4215 683 4274 magnam
705 4207 826 4277 partem
853 4196 1046 4260 convolvisse
1071 4211 1104 4260 et
1123 4194 1237 4260 dixisse
1258 4201 1359 4262 allec
1372 4217 1440 4281 quer

339 4315 466 4364 mansee
481 4303 698 4382 postmortem
713 4311 814 4358 meam
829 4291 991 4372 legentur!
