3246 5340
699 475 766 557 327

182 633 380 702 usurpatum:
393 621 545 684 Salustius
558 641 679 704 quoque
695 623 914 703 frequenter...
937 639 967 682 et
984 622 1140 686 Corvinus
1156 647 1218 704 pro
1232 629 1284 689 Li·
1314 611 1383 683 209

183 721 290 782 ὸιινιιία
301 749 312 781 .-
325 723 460 802 Propter
470 723 548 784 banc
558 723 660 784 tabem
673 741 761 809 atque
768 729 947 803 pernicicm
958 727 1070 786 domus
1081 733 1181 789 totius.

219 858 357 928 Corvinus]
372 859 403 912 ln
416 861 505 914 codice
519 861 591 914 Festi
605 859 704 932 legitur
715 859 857 924 Cominius,
872 859 945 913 untle
958 863 1024 914 Ant.
1038 863 1206 933 Augustinus
1219 867 1285 918 scri-

252 941 370 994 bendum
384 943 536 1014 suspicatur
545 942 709 1017 Cerm'fiet'us.
730 946 853 996 Attamen
864 943 1002 1014 probabile
1017 957 1072 1007 est,
1086 945 1225 998 Messalam
1238 968 1286 1019 pro

252 1025 382 1078 Liburnia
399 1027 513 1090 dixisse,
530 1027 595 1097 quia
607 1025 794 1096 Quintilianus
807 1027 865 1096 (X,
879 1027 905 1086 l,
915 1027 964 1096 tt)
978 1027 1083 1090 scribit,
1098 1028 1246 1082 Pollionem
1260 1044 1287 1083 et

252 1111 393 1164 Messalam
401 1111 552 1166 defendisse
559 1111 666 1164 eosdem
675 1111 818 1181 aliquando
826 1131 899 1166 reosz
909 1111 1056 1165 Pollionem
1065 1133 1127 1168 roro
1135 1133 1184 1185 pro
1193 1115 1287 1168 Libur-

252 1193 298 1244 nia
309 1192 419 1256 dixisse,
430 1207 523 1248 notum
540 1207 591 1256 est,
601 1207 738 1264 exstatque
750 1191 809 1265 ejus
821 1197 949 1249 orationis
962 1197 1137 1268 fragmentum
1149 1197 1177 1250 in
1188 1199 1285 1266 Quint.

252 1275 302 1342 rx,
314 1278 340 1340 a,
352 1277 395 1330 ιι.

223 1401 358 1484 Quintil.
373 1405 412 1481 X,
427 1408 456 1480 l,
470 1405 530 1468 tt:
554 1407 633 1478 Illud
652 1426 730 1498 aero
751 1405 969 1479 utilissimam„
984 1428 1076 1472 nosee
1095 1429 1148 1470 eas
1167 1428 1283 1484 causas,
1321 1382 1326 1388 γ’

168 1555 172 1561 ,
185 1513 315 1577 quarum
329 1501 487 1568 orationes
500 1503 534 1567 in
550 1521 659 1566 maana
671 1501 911 1585 sumpserimus,
927 1517 960 1566 et
973 1502 1093 1586 quoties
1106 1503 1284 1584 continget,

167 1594 340 1678 [Utrimque
351 1598 474 1662 habitas
486 1602 593 1680 legere
616 1601 756 1664 actiones
773 1615 811 1664 ιιι
825 1601 928 1663 ‘Servis'
946 1603 1075 1680 Sulpicii
1089 1605 1181 1684 aitque
1201 1605 1284 1668 Mes·

186 1693 261 1752 saltu
271 1737 281 1762 ,
298 1716 429 1778 quorum
440 1697 520 1756 alter
527 1718 586 1775 pro
595 1697 731 1778 Aufidio,
742 1713 847 1756 contro
857 1700 936 1758 distr
945 1699 1033 1758 alter.

216 1827 275 1886 Ser.
285 1827 377 1900 Sulp.]
388 1803 470 1900 supra
479 1830 632 1884 monuintns
640 1830 673 1886 tle
683 1833 742 1884 Sar.
751 1831 872 1903 Sulpicio
883 1832 966 1896 ttufo,
976 1845 1088 1888 oratore.

223 1950 345 2014 Charis.
360 1955 386 2028 I,
400 1974 434 2035 p.
445 1955 504 2016 80:
521 1956 565 2016 M.
575 1955 706 2017 Messala
720 1957 897 2016 deAnto'm‘r‘
908 1962 1013 2016 statuis
1024 1983 1034 2016 .·
1047 1961 1194 2018 Armenia·
1206 1965 1286 2038 regis

181 2052 280 2138 spolia
292 2072 438 2132 gausape.
544 2109 546 2116 ,

217 2193 251 2244 de
258 2191 328 2245 Ant.
338 2197 438 2259 statuis]
450 2213 462 2240 a
474 2185 542 2244 hanc
556 2189 701 2244 orationem
715 2194 779 2260 post‘
787 2191 920 2243 Actiacam
933 2207 1049 2264 pugnam
1063 2193 1175 2246 Messala
1187 2191 1286 2248 dixisse

252 2273 366 2326 videtur.
387 2274 437 2325 Sed
455 2289 520 2324 num
531 2270 612 2344 dejici
623 2271 734 2326 Antonii
751 2283 852 2326 statuas
867 2269 992 2343 jusserit,
1012 2291 1066 2351 non
1083 2276 1283 2340 contenderim

253 2357 358 2410 videtur
371 2357 421 2410 boc
433 2357 485 2408 viri
497 2356 638 2408 decoribus
651 2374 705 2408 non
718 2359 783 2407 satis
795 2355 915 2427 dignum.
928 2379 941 2405 ι
951 2357 1070 2410 Ellendt.

174 2487 210 2531 .·.
223 2483 308 2545 Ptin.
326 2483 366 2544 tt.
385 2483 422 2542 N.
441 2479 597 2554 xxxin,
617 2481 654 2542 32
676 2479 806 2543 Messala
818 2493 928 2544 orator
940 2484 1095 2564 prodidit,
1113 2479 1285 2549 Antonium
1336 2534 1339 2538 -

180 2580 380 2642 triumvirum
395 2577 499 2642 aureis
512 2577 625 2663 (vasis)
641 2597 729 2638 usum
742 2579 777 2638 in
791 2579 937 2641 omnibus
950 2579 1095 2642 obscenis
1108 2581 1283 2655 desideriis,

173 2672 575 2758 pudendocrimineetiam
586 2670 783 2754 (Aeopatroel

198 2775 332 2840 Senec.
345 2777 471 2838 Sanaos.
486 2774 613 2854 1,p.t.
634 2767 843 2832 Bellissimam
858 2781 926 2832 rem
941 2771 1071 2833 Dellius
1083 2774 1173 2846 drxrt
1195 2791 1286 2854 quem

173 2876 311 2939 Messala
323 2877 479 2938 Corvinus
492 2873 678 2934 desultorem
697 2863 845 2930 bellorum
864 2865 1003 2932 elvidium
1017 2887 1128 2949 vocat,
1154 2874 1226 2955 quia
1247 2875 1287 2936 ab

154 3016 160 3022 ·
180 2967 341 3040 Dolabella
358 2975 397 3038 ad
411 2976 550 3045 Cassium
563 2973 753 3036 transiturus
766 2961 896 3035 salntem
912 2961 972 3034 sibi
986 2989 1095 3056 pactus
1108 2989 1165 3049 est,
1180 2977 1207 3036 si
1223 2977 1286 3039 Do·

180 3075 324 3138 labellem
337 3075 518 3160 cecidisset,
533 3085 574 3135 et
596 3071 739 3134 aGassio
754 3044 868 3134 deinde
883 3071 1031 3134 transivit
1045 3074 1084 3134 ad
1099 3071 1284 3171 Antonium,
1341 3101 1346 3117 ι

181 3176 347 3238 ιιοιὶιιίιιιι
360 3175 399 3235 ab
410 3155 548 3236 Antonio
559 3171 728 3250 transfugit
740 3173 780 3233 ad
789 3161 955 3234 cesarem.

216 3308 368 3374 Massam«
380 3308 408 3358 in
424 3305 503 3370 libro,
518 3318 595 3377 puto,
612 3307 655 3358 De
664 3305 958 3373 semiliisRomam‘s.»
975 3302 1121 3358 Ruhnken.
1139 3303 1172 3358 ad
1188 3301 1286 3360 Vellei.

253 3391 292 3454 11,
308 3389 357 3452 84,
373 3391 399 3442 3.
424 3391 544 3466 Bellium
561 3389 663 3452 surrexi
680 3405 730 3477 1130
746 3388 860 3452 Duillio,
880 3386 952 3457 quod
968 3386 1050 3460 vulgo
1067 3387 1175 3459 legitur,
1196 3390 1287 3444 eodem

251 3489 368 3531 auctore.

209 3601 348 3664 ·=Gharis.
367 3603 395 3673 1,·
412 3621 444 3683 p.
460 3600 538 3662 1032
555 3597 686 3662 Messala
704 3608 809 3659 contra
827 3601 957 3660 Antonii·
975 3599 1101 3660 literas:
1121 3602 1293 3680 Angiesttoe

172 3705 381 3784 frems'

194 3875 241 3923 c.
259 3857 327 3910 Ant.
345 3855 471 3932 literam
483 3853 530 3924 qui
546 3853 687 3930 transitum
705 3851 827 3932 Messalae
844 3851 877 3905 ad
890 3852 1018 3906 Caesatem
1036 3869 1104 3926 tegre
1123 3828 1221 3916 ferens,
1240 3855 1288 3924 per

194 3928 197 3938 ’
252 3935 343 3990 literas
359 3925 393 3990 ad
410 3949 531 3988 senatum
548 3936 642 3988 missas
658 3924 744 3986 varias
760 3933 908 3988 calumnias
925 3931 1055 3988 effudisse
1073 3927 1145 3986 credi
1162 3947 1286 4006 potest.»

198 4029 201 4034 ’
255 4023 376 4077 Ellendt.
392 4025 456 4076 Post
464 4041 580 4094 pugnam
588 4021 798 4093 Philippensem,
809 4035 841 4076 ut
853 4018 924 4076 adem
936 4023 1017 4076 refert
1021 4021 1144 4094 ,primis
1143 4041 1221 4074 annis
1231 4021 1288 4074 An

256 4111 357 4163 tonium
367 4121 475 4162 secutus
484 4121 535 4172 est,
546 4107 591 4160 sed
600 4119 662 4180 post
671 4107 858 4160 brundisinam
868 4127 957 4179 pacem
965 4111 1001 4179 (a.
1008 4109 1021 4159 7
1029 4108 1072 4176 ts)
1080 4117 1168 4178 partes
1178 4105 1289 4159 Antonii

179 4203 184 4232 ι
206 4237 208 4244 .
223 4212 236 4231 ¹=
255 4194 382 4258 deseruit,
393 4191 540 4264 Cleopatra
553 4193 606 4246 vim
623 4205 651 4246 et
663 4192 817 4247 luxuriosos
830 4195 941 4248 Antonii
953 4211 1053 4248 amores
1068 4205 1191 4266 pertisum
1206 4191 1286 4246 Couf.

177 4304 185 4330 .·
201 4321 204 4331 .
256 4276 328 4330 tetur.
338 4279 413 4330 brut.
424 4295 449 4330 c.
461 4273 614 4341 tt,.vettst.
624 4275 661 4342 ll,
672 4277 716 4328 il.
