3218 5320
651 441 720 514 323

529 644 637 687 ortrro
664 646 692 708 ιιι
718 642 848 684 causon.

177 786 289 850 Oratio
305 788 338 847 in
350 787 481 865 Dialogo
495 787 532 847 de
547 783 706 858 oratt.21,
727 783 881 844 laudatur.
898 784 1072 847 Weicltcrt.
1088 782 1164 846 dicit
1177 781 1235 844 l.'l.

136 901 167 964 p.
186 884 262 944 112:
277 907 291 937 ι
307 885 443 944 Drusum
459 881 598 966 suspicor
612 877 711 942 luisse
726 877 827 952 illum,
845 883 934 962 qu'cm
956 899 974 942 a
989 880 1133 942 Lucretio
1147 898 1202 941 reu
1209 899 1237 938 m
1254 885 1257 894 '

132 984 172 1038 de
185 975 445 1059 praevaricatione
459 977 573 1042 lactum
588 974 701 1038 Cicero
724 994 743 1035 a
766 995 798 1038 se
821 975 979 1038 defensum
1001 971 1115 1038 scribit
1131 975 1240 1037 Attico

134 1077 191 1156 Ep.
206 1096 249 1149 ιιι,
267 1077 316 1137 16.
334 1075 393 1148 llic
407 1077 525 1138 Drusus
540 1074 598 1135 luit
610 1069 771 1136 familiaris
785 1069 937 1154 Pompeii,
950 1085 984 1135 ut
998 1095 1036 1135 ex
1052 1075 1110 1154 Ep.
1123 1074 1162 1133 ad
1174 1073 1241 1133 Αιι.

137 1176 188 1249 ll,
200 1175 231 1250 7,
251 1172 409 1247 discimus,
428 1175 483 1236 ubi
502 1173 699 1238 Pisaurensis
713 1171 894 1234 nominatus
909 1185 942 1235 et
956 1193 1027 1236 oum
1041 1172 1177 1255 epulone
1183 1173 1244 1234 Va·

132 1272 210 1338 tinio
222 1273 501 1339 subcontumeliose
515 1274 724 1358 componitur.
743 1273 890 1336 Defendit
903 1295 973 1336 eum
984 1273 1109 1345 Cicero,
1122 1285 1159 1333 ut
1169 1274 1245 1335 scri·

132 1372 181 1435 bit
201 1377 240 1436 ad
261 1375 400 1438 Atticum
419 1377 476 1458 Ep.
497 1393 541 1446 rr,
559 1377 610 1446 15,
636 1386 706 1455 post
726 1374 873 1435 Messinm
894 1396 912 1436 e
933 1371 1091 1455 legatione
1113 1369 1246 1438 cesaris

132 1485 322 1536 reuocatum.
345 1474 448 1534 Druso
461 1470 576 1534 Calvus
589 1471 676 1532 litem
690 1467 797 1532 intulit
811 1490 882 1532 cum
897 1469 1070 1543 Cicerone,
1103 1467 1239 1536 faciliori

134 1568 276 1654 Pompeii
291 1571 478 1635 familiarum
493 1583 639 1654 patrono,
651 1589 845 1652 congressus.
861 1595 875 1626 ι
1213 1579 1217 1584 ·

173 1812 276 1878 Schol.
288 1813 435 1880 ambros.
448 1813 489 1876 ad
499 1811 568 1876 Cic.
579 1812 639 1878 Or.
651 1834 683 1896 p.
695 1813 795 1877 Sestio
807 1815 842 1876 in
858 1824 1053 1892 argumento,
1070 1831 1101 1892 p.
1115 1811 1177 1874 292
1189 1814 1241 1874 ed.

133 1912 254 1976 Orell.:
271 1911 403 1982 Carnam
416 1911 513 1978 Sestii
533 1926 647 1994 preter
661 1910 848 1976 Ciceronem
868 1910 995 1994 plurimi
1016 1911 1246 1984 defenderunt,

134 2009 169 2074 in
182 2013 268 2096 queis
281 2014 340 2076 tuit
354 2015 395 2094 Q.
408 2014 598 2088 Hortensius,
613 2014 659 2074 M.
677 2013 821 2086 Crassus,
834 2013 874 2076 L.
888 2010 936 2093 (C.
946 2011 978 2096 l)
989 2011 1127 2076 Licim'us
1138 2011 1246 2078 calme

133 2109 274 2189 partibus
286 2110 373 2174 inter
385 2129 419 2173 se
431 2108 616 2184 deminutis,
631 2129 707 2192 quas
718 2107 752 2172 in
764 2110 884 2189 mendo
896 2121 1069 2174 tuerentur.
1190 2164 1193 2172 ,

378 2271 583 2346 cxxxiv.
612 2273 664 2344 ιιι.
686 2251 998 2342 Junius'ssrums.

483 2366 654 2465 [Ellendt.
672 2393 709 2464 p.
722 2365 872 2462 90-92.]

174 2549 272 2610 Natrn
285 2568 315 2610 a.
329 2549 368 2612 U.
381 2546 455 2612 ooo.
473 2547 541 2612 Cic.
556 2551 647 2612 Brut.
662 2568 692 2609 c.
706 2549 759 2611 at.

176 2647 244 2710 Cic.
258 2651 343 2710 Brut.
359 2670 387 2710 c.
403 2649 440 2708 6:
456 2649 528 2711 Scio
543 2663 574 2711 te
589 2645 680 2710 Bruti
694 2649 852 2710 dolentem
865 2647 966 2710 vicem
982 2649 1071 2726 quasi
1083 2645 1246 2710 dederisne

129 2745 320 2825 judiciorum
334 2745 511 2806 vastitatem
524 2757 558 2806 et
570 2746 642 2809 lori.
668 2748 748 2808 Nam
762 2742 857 2820 milri,
874 2747 989 2816 Brute,
1006 2746 1040 2806 in
1062 2757 1093 2806 te
1112 2745 1248 2828 intuenti
1358 2785 1364 2793 -

137 2843 251 2906 crebro
261 2841 295 2904 in
305 2831 662 2922 mentemveuitrereri,
671 2846 863 2924 ecquodnam
876 2843 1068 2906 curriculum
1080 2843 1248 2924 aliquando
1263 2907 1267 2917 Δ

135 2939 178 3002 eit
189 2937 334 3004 habitura
356 2951 410 3002 tua
431 2953 464 3000 et
485 2952 599 3002 natura
619 2938 813 3006 admirabilis
833 2953 865 3002 et
879 2937 1035 3022 exquisita
1050 2939 1195 3003 doctrina
1213 2951 1267 3005 et.

135 3033 306 3116 singularis
320 3035 486 3101 industria.
501 3031 580 3100 Cum
593 3033 679 3102 enim
693 3041 728 3100 in
743 3037 885 3102 mammis
906 3035 1006 3100 causis
1018 3047 1157 3099 versatus
1166 3056 1268 3104 auses,

136 3151 169 3198 et
180 3157 251 3200 cum
263 3129 320 3196 tibi
330 3149 404 3200 aetas
414 3135 596 3219 nostrnjam
607 3138 734 3201 cederet
746 3137 905 3218 fascesque
914 3134 1134 3212 summitteret,
1145 3133 1249 3208 subito

138 3236 172 3297 in
184 3235 314 3302 civitate
326 3257 395 3298 cum
409 3236 470 3308 alia
484 3234 678 3308 ceciderunt,
691 3250 756 3303 tum
771 3237 866 3300 ctiam
883 3256 920 3298 ea
934 3239 1013 3316 ipsa,
1027 3237 1065 3298 de
1077 3255 1137 3317 qua
1148 3233 1249 3318 dispu-

138 3347 206 3394 tare
218 3333 368 3408 ordimur,
382 3331 562 3414 eloquentia
576 3333 740 3418 obmutuit.
749 3368 792 3378 —-
804 3331 895 3396 Coul.
910 3353 938 3396 c.
953 3333 1004 3396 at.

180 3429 305 3512 Dialog.
316 3435 354 3494 de
365 3446 460 3494 oratt.
474 3455 502 3496 o.
516 3433 550 3498 21
564 3455 572 3494 ι
590 3435 718 3499 Brutum
731 3434 930 3518 philosophiae
944 3454 1006 3503 suto
1019 3431 1242 3512 relinquamus.
1333 3433 1338 3446 ‘

139 3535 217 3594 Nam
232 3535 265 3595 in
280 3533 475 3597 orationibus
493 3536 647 3600 minorem
667 3555 735 3601 esso
754 3537 833 3608 lama
854 3556 908 3596 sua
926 3534 1021 3600 etiarn
1042 3529 1235 3596 admiratore

135 3627 202 3708 ejus
216 3629 366 3703 latentur,
381 3651 439 3693 nec
454 3633 520 3694 lere
535 3617 696 3714 quisquam
710 3645 763 3693 aut
776 3631 908 3693 Caesaris
921 3652 979 3712 pro
994 3630 1092 3693 Decio
1105 3629 1247 3692 Samnite
1274 3622 1345 3696 206

137 3739 191 3787 aut
204 3729 292 3790 Bruti
306 3746 364 3811 pro
377 3725 529 3792 Deiotaro
549 3747 626 3810 rege
645 3741 825 3811 ceterosque
841 3729 976 3812 ejusdem
992 3727 1188 3790 lentitudinis
1210 3750 1250 3792 ac

134 3829 252 3909 teporis
264 3829 362 3892 libros
376 3829 462 3908 legit,
477 3830 536 3891 nisi
548 3831 601 3910 qui
616 3841 648 3891 et
660 3831 805 3892 carmina
818 3819 1003 3898 eorumdem,
1012 3827 1157 3890 miratur.

180 3927 225 3988 lb.
240 3949 269 3991 c.
285 3932 324 3994 to
338 3953 345 3990 ε
360 3932 475 3994 Brutus
486 3929 634 3995 Ciceroni
644 3931 728 3994 visos
739 3945 786 3994 eat
797 3932 912 4004 otiosus
922 3943 1014 4013 atque
1026 3927 1211 4012 disjunctus.

177 4029 313 4108 Quintil.
326 4032 367 4108 X,
387 4034 413 4109 1,
432 4033 510 4094 123:
535 4032 687 4116 Egregius
706 4034 903 4115 philosophus
921 4033 1078 4114 multoque
1099 4053 1190 4113 quam
1206 4028 1240 4093 in

132 4121 328 4188 orationibus
348 4126 546 4209 prestantior
566 4131 691 4206 Brutus,
709 4130 831 4194 scilecit
853 4131 983 4213 ponderi
1009 4149 1134 4206 rorum:
1160 4125 1241 4190 seras

156 4242 228 4286 eum
243 4223 372 4304 sentire,
387 4229 460 4309 quid
476 4224 571 4290 dicat.
