3200 5344
786 364 999 470 ‘tit

357 539 399 612 ll,
417 538 434 598 9
460 560 467 598 ε
494 539 629 620 «Ipsum
647 555 721 598 vero
736 537 871 600 edulium
895 555 1011 616 geum
1034 557 1125 620 quatu
1139 525 1225 602 dictu
1240 535 1367 618 turpia?
1384 539 1457 600 Num

359 639 478 698 Cirtctits
492 642 522 696 iu
533 641 675 696 suasione
687 636 768 716 legis
776 638 808 696 F
806 643 909 704 ursulus
923 635 1033 720 objicit
1040 639 1152 702 mlo
1164 659 1230 714 etto,
1246 639 1459 724 quodporcum

359 725 530 820 Trojonum
550 741 666 798 mensis
684 739 816 818 inferunt
836 759 953 820 equem
980 741 1026 803 illi
1044 741 1114 805 ideo
1133 743 1180 804 sic
1193 740 1350 803 vocabant
1373 738 1459 819 quasi

354 831 426 898 aliis
436 833 564 894 inclusis
579 831 766 896 animalibus
777 833 952 914 gravidum,
970 837 1066 900 utille
1085 838 1239 920 Troianus
1248 857 1343 918 aqum
1356 838 1457 916 gravi-

358 933 416 994 dus
429 927 557 994 armatis
573 929 641 992 luit.
657 956 671 986 u
692 929 1037 1016 Cino'uslibrariilupsu
1048 935 1198 1018 scripturn
1205 953 1264 1016 pro
1277 934 1313 994 C.
1331 931 1455 1023 Titius]

397 1087 559 1170 Quomodo
583 1083 818 1166 distinguendus
838 1085 880 1144 sit
897 1081 950 1146 hic
964 1083 1063 1147 Titius
1078 1085 1118 1148 ah
1132 1086 1201 1148 aliis
1213 1085 1348 1168 ejusdem
1363 1088 1458 1150 uomi-

353 1185 416 1258 nis,
433 1185 465 1246 in
482 1184 713 1246 Dissertatione
732 1185 771 1244 de
790 1180 873 1245 Titio
887 1179 1037 1264 Septimio
1051 1184 1142 1266 pocla
1156 1185 1261 1246 docuit
1282 1181 1456 1248 Weichert.

259 1267 327 1342 153
352 1281 453 1367 Reliq.
477 1305 510 1366 p.
535 1285 609 1347 stt.
623 1281 862 1364 Tragoediarum
881 1281 955 1343 Titii
974 1281 1150 1362 lragmcnta
1172 1295 1337 1366 supersunt
1361 1283 1456 1347 nulla.

351 1383 480 1465 Quaerat
500 1381 631 1443 forsitan
648 1380 775 1462 aliquis,
792 1380 874 1442 unde
893 1379 1038 1442 habuerit
1056 1373 1235 1442 Macrobius
1255 1377 1332 1442 Titii
1347 1383 1458 1443 oratio·

351 1503 437 1557 nem,
453 1483 506 1564 qui
522 1483 659 1564 antiquis
671 1480 736 1562 jam
746 1480 927 1544 'oratoribus
941 1481 1190 1554 adnumerandus
1203 1493 1269 1558 ost3
1296 1494 1389 1564 atquo
1411 1504 1456 1544 su·

355 1577 470 1662 epicos,
494 1591 605 1642 vetera
629 1577 812 1660 eloquentiae
836 1591 1034 1640 monumenta
1053 1581 1150 1642 etiam
1170 1593 1236 1640 tum
1253 1576 1409 1644 exstitisse
1425 1582 1456 1642 iu

353 1679 469 1744 ‘Licinii
484 1677 621 1744 Muciani
636 1699 741 1762 opere,
768 1679 820 1762 qui
834 1701 900 1748 sevo
918 1681 1100 1766 Vespasiani
1122 1693 1281 1746 oratorum
1307 1683 1458 1744 Romano·

354 1797 424 1839 rum
438 1777 597 1840 orationes
609 1773 644 1840 in
659 1797 757 1838 unum
771 1799 881 1861 corpus
899 1779 1076 1858 redegerat.

492 1941 657 2012 llLVlll.
686 1943 726 2016 T.
754 1925 921 2014 Betucius
948 1943 1078 2012 Barrus
1106 1940 1318 2014 Asculanos.

393 2111 463 2188 Cic.
479 2124 565 2183 Brut.
583 2141 612 2182 c.
630 2121 684 2194 46,
710 2085 768 2184 too
787 2141 795 2180 t
822 2077 969 2185 omniun
988 2079 1259 2200 eloquentissimus
1273 2133 1367 2182 extra
1380 2121 1459 2184 hanc

353 2224 464 2287 urbem
478 2225 515 2286 T.
530 2222 676 2287 Betucius
687 2224 785 2284 Barce
795 2222 983 2294 Asculanos,
999 2227 1085 2304 eujus
1095 2233 1170 2284 sunt
1179 2220 1293 2304 aliquot
1306 2225 1458 2282 orationes

340 2320 602 2398 *Ascutttabttn
629 2321 681 2380 ttla
694 2321 809 2380 Romo
825 2335 931 2380 contra
955 2320 1146 2399 Coept'ouem,
1171 2319 1283 2380 mettis
1299 2341 1385 2396 sone,
1410 2327 1459 2382 cut·

352 2425 486 2484 οναιίοηί
501 2422 655 2500 Coepiom's
665 2440 725 2480 'ore
743 2421 895 2500 rospondit
909 2419 1023 2482 AEltus.
1128 2439 1130 2446 ⁴
1286 2422 1295 2436 “

391 2559 551 2634 Coept'onem]
572 2561 607 2628 Q.
620 2557 749 2610 Servilius
763 2555 862 2628 Caepio,
877 2557 948 2628 quoti
960 2575 991 2609 ox
1005 2577 1062 2628 cap.
1078 2559 1123 2621 ὃὸ,
1138 2559 1200 2620 206,
1215 2569 1297 2628 patet.

388 2685 499 2754 AElr'ns]
519 2686 550 2736 L.
566 2683 652 2736 AElius
665 2681 835 2734 Ptseconinus
845 2661 927 2746 Stilo,
936 2669 973 2734 ¹de
987 2700 1041 2752 quo
1053 2683 1121 2736 infra
1131 2683 1261 2740 dicemus.

598 2861 728 2934 XLIX.
758 2863 799 2932 L.
828 2859 985 2931 Marcius
1012 2857 1204 2958 Philippus.

692 2956 869 3056 [Ellendt.
899 2982 935 3054 p.
965 2955 1111 3054 5l-56.]

393 3151 424 3210 ls
437 3145 475 3208 ab
491 3138 620 3205 lloratio
643 3140 758 3203 dieitur
771 3134 881 3220 (Epist.
899 3139 926 3212 l,
944 3139 975 3212 l,
993 3140 1047 3228 ts)
1063 3141 1209 3201 Strenuus
1228 3143 1367 3222 etsortr's
1388 3163 1454 3200 caue-

353 3231 454 3329 sisque
460 3238 623 3316 Philippus
635 3238 759 3314 agendis
776 3235 903 3297 Clarus.¹

392 3340 461 3403 Cic.
478 3339 568 3398 Brut.
586 3353 617 3394 c.
640 3331 693 3403 ll,
725 3331 783 3394 173
800 3332 953 3396 :Duobus
975 3333 1112 3408 summis,
1129 3333 1242 3397 Crasso
1259 3345 1292 3395 et
1306 3335 1452 3412 Antonio,
1495 3409 1496 3412 Ἴ

350 3441 386 3502 L.
404 3432 563 3516 Philippus
578 3428 737 3513 proximus
755 3429 947 3506 'accedebat‚
976 3433 1029 3494 scd
1053 3431 1147 3510 longo
1169 3430 1337 3494 intervallo
1351 3443 1454 3496 tamen

349 3534 559 3619 proximus...
577 3530 677 3594 Erant
691 3547 728 3590 ea
743 3526 776 3588 in
793 3523 957 3611 Philippo,
986 3547 1053 3610 quse
1066 3529 1121 3610 qui
1141 3525 1210 3590 sine
1224 3529 1453 3610 comparatione

348 3633 474 3694 illorum
485 3636 655 3710 spectaret,
682 3624 757 3684 satis
772 3643 884 3702 magna
898 3622 1042 3692 diceret:
1059 3646 1179 3689 summa
1196 3625 1325 3688 libertas
1337 3627 1371 3692 iu
1386 3645 1452 3687 ora-

348 3726 446 3802 tione,
467 3726 571 3786 multae
580 3723 717 3784 lacctiaet
734 3721 809 3784 satis
824 3722 987 3788 creberin
1001 3720 1207 3808 reperiendis,⁴
1221 3719 1386 3786 solutusin
1401 3741 1451 3783 ex·
1476 3763 1480 3771 ·

347 3828 500 3912 plicaudis
512 3823 697 3889 sententiis:
721 3836 791 3886 erat
810 3823 904 3888 etiam
917 3819 953 3886 in
969 3825 1089 3906 primis,
1113 3837 1147 3886 ut
1170 3824 1363 3907 temporibus
1377 3822 1447 3898 illis,

347 3929 469 3996 Grecis
484 3921 636 3988 doctrinis
649 3923 820 3996 institutus,
846 3923 880 3986 in
902 3923 1082 3988 altercmdo
1098 3945 1166 3988 cum
1181 3922 1285 4008 aliquo
1299 3927 1406 3988 acoleo
1419 3941 1451 3988 et

347 4025 511 4090 malelicto
525 4022 652 4084 facetus.
1274 4039 1282 4052 ²

389 4122 456 4186 Cic.
474 4121 521 4181 De
536 4118 617 4180 offic.
633 4119 674 4193 ll,
693 4118 731 4180 21
749 4137 758 4178 ε
776 4117 954 4180 Perniciose
970 4119 1128 4201 Philippus
1145 4124 1176 4179 in
1196 4118 1360 4192 tribunatu,
1376 4139 1447 4178 cum

346 4222 448 4301 legem
462 4215 782 4296 αὸινιιιϊαιηρννιει..Ν
796 4231 867 4275 cum
882 4215 915 4280 in
925 4217 1152 4304 agendo'niulte
1165 4215 1370 4302 populariter,
1386 4227 1448 4280 tum
