3212 5326
671 423 734 494 107

192 551 275 616 Plut.
294 553 371 616 Fah,
398 573 428 616 c.
450 555 490 620 25
510 559 578 615 :Tui
603 551 631 606 δὲ
648 553 739 620 Φαβίου
759 553 799 606 τὸν
817 555 865 606 υἱον
884 552 1008 606 termam
1029 558 1129 622 αονίβη,
1148 556 1191 610 καὶ
1210 560 1251 616 τὴν

151 649 193 719 μὲν
205 648 327 722 συμφορὰν
345 653 376 709 ὡς
391 649 449 721 ἀνήρ
466 670 492 702 τε
506 651 615 722 φρόνιμος
631 649 675 706 καὶ
691 651 772 722 πατὴρ
790 650 890 721 χρηστὸς
903 649 990 721 inopus
1011 653 1170 720 μετριώτατα·
1186 656 1212 706 τὸ
1228 652 1252 704 δ

154 745 283 816 ἐγκώμιον,
295 747 307 798 ὃ
320 747 373 804 ταῖς
388 742 525 816 ἐκκομιδαῖς
543 747 728 826 τῷνμίπιερανῶν
740 746 762 796 οἱ
775 745 930 815 προςήκοντες
943 746 1103 808 ἐπιτελοῦσιν,
1117 748 1186 806 αὐτὸς
1200 743 1252 800 εἶπε

151 839 310 900 amramitis
324 841 413 914 α’γορᾴ,
428 841 470 894 καὶ
480 841 576 914 ρράψας
587 842 626 894 τὸν
640 841 711 914 λόγον
727 840 852 906 ἐξέδωκαν.

130 1016 134 1023 ,
191 947 240 1008 De
250 948 426 1028 eloquentia
436 948 524 1010 Fabii
533 948 718 1010 Plutarchus
727 947 804 1010 dicit
818 968 887 1030 cap.
901 949 931 1007 l:
944 947 1020 1018 ’θεῶν
1035 943 1062 996 δὲ
1077 943 1120 998 καὶ
1129 951 1170 1004 τῆς
1183 955 1251 999 πολι·

150 1044 214 1104 τείας
227 1045 254 1096 τὸ
266 1047 366 1118 μέγεθος
379 1046 422 1098 καὶ
434 1054 482 1100 τῶν
494 1049 605 1118 πολέμων
619 1047 646 1099 τὸ
665 1050 761 1106 πλῆθος,
775 1047 843 1103 ἤσκει
856 1046 883 1098 τὸ
898 1047 940 1117 μὶν
955 1053 1026 1118 σῶμα
1039 1049 1098 1118 πρὸς
1111 1047 1165 1106 τοὺς
1179 1051 1253 1100 πολί-

150 1163 213 1224 μουςΙ
226 1145 302 1216 ὥςπερ
320 1147 400 1201 ὅπλον,
412 1149 541 1218 α’νμρντον,
563 1147 602 1198 τὸν
622 1143 650 1198 δὲ
667 1147 748 1220 λόγον,
763 1147 864 1220 ὄργανον
883 1149 976 1206 πιιθοῦς
990 1147 1049 1218 πρὸς
1066 1147 1106 1198 τὀν
1121 1144 1208 1218 δῆμον,
1229 1143 1255 1198 εὖ

150 1247 219 1317 μάλα
231 1247 369 1320 πρεπόντως
384 1257 417 1322 τῷ
431 1251 476 1322 βίῳ
485 1240 736 1322 κατακεκοοραηραένον.
752 1251 787 1301 Οὐ
802 1248 850 1322 γὰρ
866 1251 924 1308 ε’πῆν
940 1251 1058 1320 ὼραὶορὸς
1072 1246 1128 1300 οὐδὲ
1142 1250 1199 1306 κενὴ
1212 1248 1256 1300 καὶ

150 1343 264 1416 ἀγοραῖος
283 1344 363 1416 χάρις,
380 1345 443 1398 ἀλλὰ
457 1353 508 1405 νοῦς
525 1344 584 1398 ἴδιον
603 1344 645 1398 καὶ
662 1347 771 1417 περιττὸν
786 1348 809 1396 ἐν
823 1330 1004 1418 Ιγνωμολογίαις
1021 1351 1105 1415 σχῆμα
1124 1344 1167 1398 καὶ
1183 1345 1255 1409 βάθος

152 1443 225 1508 ἔχων,
242 1441 390 1512 δςμείλιοτοι
403 1447 456 1504 ταῖς
473 1421 622 1498 Θουκυδίδαι
642 1447 807 1515 προσεοικέναι
824 1446 929 1517 λέγουσι.
950 1444 1098 1503 Διααώζεται
1113 1443 1162 1516 γὰρ
1181 1446 1255 1496 αὐτοῦ

148 1538 231 1612 λόγος,
249 1541 273 1592 ὃν
286 1534 350 1594 εἶπεν
365 1543 388 1594 ἰν
402 1550 436 1612 τῷ
453 1540 539 1613 iiras,
555 1549 596 1594 τοῦ
608 1539 696 1600 παιδὸς
712 1544 785 1596 αὐτοῦ
803 1545 855 1612 μεθ’
868 1541 984 1595 ὑπατείαν
997 1540 1161 1612 ,ἀποθανόντος
1176 1543 1254 1614 ipuni-

149 1653 219 1714 laoy..

195 1729 355 1790 Incertum
369 1713 428 1805 est,
443 1749 504 1810 quo
516 1751 599 1792 auno
612 1731 654 1814 Q.
670 1729 792 1804 Fabius,
811 1730 850 1810 Q.
864 1727 956 1803 lilius,
971 1726 1120 1790 consula.
1135 1729 1177 1793 U.
1191 1726 1252 1789 sto

150 1819 193 1886 sit
205 1839 353 1891 mortuus.
368 1828 474 1892 Livius
484 1827 584 1904 XXV,
599 1829 635 1891 3:
652 1827 860 1891 «Consulibus
874 1824 960 1909 (anm
972 1825 1046 1912 541)
1057 1826 1258 1892 bellumcum

150 1926 327 1990 Hannibale
338 1940 371 1990 et
380 1929 606 2010 hinaelegiones
620 1933 774 1996 decreta:
790 1930 870 1992 alter
883 1949 901 1990 a
912 1927 954 2010 Q.
964 1928 1074 2003 Fabio,
1087 1929 1256 2010 superioris

101 2053 103 2060 >
149 2029 228 2088 anni
239 2019 376 2106 consule,
387 2029 617 2094 alteraFulvio
626 2030 809 2094 Centumalo
818 2030 990 2111 acciperets
1003 2029 1109 2090 »unde
1120 2042 1258 2106 constat,

149 2137 217 2186 tum
228 2139 350 2190 etatem
361 2148 431 2190 cum
442 2130 541 2191 adhuc
552 2129 662 2208 egisse.

193 2222 346 2285 Priscian.
358 2227 446 2300 VIII,
460 2225 492 2300 l,
507 2247 539 2308 p.
552 2227 615 2290 368
625 2226 673 2286 ed.
688 2215 820 2288 Krehl.:
836 2224 949 2286 Fabius
961 2223 1128 2286 Maximus:
1141 2221 1257 2280 Amiui

149 2338 243 2398 quam
255 2323 366 2398 apisci,
382 2323 505 2404 passive
516 2335 589 2384 sunt
601 2321 733 2404 prolata.

186 2442 281 2510 amr'ttt]
291 2444 416 2517 supplere
424 2465 580 2518 possumus:
589 2465 690 2508 vereor,
699 2464 733 2498 ne
742 2445 768 2498 id
779 2446 870 2518 potius
882 2445 967 2500 amitti
980 2461 1060 2515 quatu
1069 2445 1152 2516 apisci
1160 2443 1256 2515 possit..

221 2524 312 2597 Apirca
322 2540 363 2580 est
373 2528 498 2582 obtineri.

199 2663 260 2736 Ill.
288 2667 340 2735 Ti.
368 2667 611 2762 Sempronius
635 2664 845 2755 Gracchus,
873 2681 976 2760 pater
1000 2666 1073 2760 Ti„
1089 2681 1127 2736 et
1159 2665 1202 2736 C.

560 2779 837 2852 Gracchorum.

192 2926 324 2990 Extuhat
336 2934 437 2990 oratio
451 2950 557 3008 grceca
569 2926 654 3004 apud
662 2923 814 2988 Rhodios.

193 3021 262 3084 Cic.
281 3025 370 3086 Brut.
386 3045 415 3086 c.
430 3025 490 3088 20:
511 3026 590 3086 Erat
607 3023 719 3086 iisdem
733 3020 814 3105 (cum
827 3021 956 3106 Catone)
977 3023 1169 3106 temporibus
1183 3025 1258 3088 Tib.

150 3111 423 3198 Gracchusue,
442 3119 495 3202 qni
509 3120 558 3182 bis
570 3120 677 3184 consul
691 3116 787 3203 (anno
798 3119 859 3182 576
870 3132 902 3182 ct
912 3121 984 3206 590)
1003 3135 1035 3184 et
1046 3141 1158 3186 censor
1169 3122 1254 3207 (584)
1280 3122 1302 3190 4

151 3215 220 3292 tuit,
235 3216 323 3298 cujus
336 3231 382 3282 est
395 3219 494 3282 oratio
503 3238 606 3299 graeca
619 3221 700 3301 apud
710 3218 862 3290 Rhodios,
880 3239 970 3300 quem
985 3220 1086 3284 ciuem
1102 3241 1172 3284 curn
1185 3241 1258 3302 gra·
1371 3219 1375 3224 ’

150 3335 238 3387 vem,
263 3329 329 3378 tum
347 3317 442 3380 etiam
460 3317 656 3399 eloquentem
674 3327 796 3380 constat
814 3315 920 3380 luisse.
939 3308 1043 3402 [Coul.
1067 3318 1202 3383 Ellendt.
1222 3341 1256 3402 p.

152 3407 265 3501 rosc]
1234 3449 1237 3458 ι

191 3512 363 3578 Ferebatur
379 3516 492 3580 deiude
506 3521 608 3578 oratio
622 3512 696 3574 Tib.
710 3513 845 3576 Gracchi
855 3536 914 3594 pro
922 3516 1070 3593 Scipione
1084 3520 1254 3592 superiore.

193 3614 263 3678 Liv.
281 3617 464 3690 XXXVIII,
486 3619 551 3680 56:
575 3617 623 3678 Dc
642 3629 822 3678 accusatore
843 3614 983 3678 Africani
1003 3634 1065 3677 non
1085 3616 1254 3678 convenior

151 3716 308 3780 orationes
316 3737 448 3799 quoque,
459 3715 487 3779 si
496 3718 588 3780 modo
598 3717 736 3798 ipsorum
748 3727 832 3791 sunt,
846 3736 912 3796 qum
922 3715 1077 3793 teruntur,
1088 3718 1126 3777 P.
1139 3714 1255 3796 Scipio·

151 3809 201 3874 uis
215 3813 328 3876 etTih.
343 3814 483 3880 Gracchi
496 3815 668 3876 abhorrent
680 3812 765 3874 iuter
778 3833 822 3874 se.
847 3815 946 3874 Index
960 3809 1111 3874 orationis
1128 3813 1166 3872 P.
1186 3813 1254 3876 Sci·

150 3909 254 3990 pIonis
280 3930 394 3973 nomeu
416 3911 458 3971 rt.
485 3910 582 3972 Naevii
605 3908 724 3972 habet:
754 3909 820 3990 ipsa
845 3908 945 3970 oratio
970 3908 1038 3970 sine
1061 3908 1185 3970 nomine
1208 3921 1256 3973 est

152 4007 350 4070 accusatoris.
368 4008 414 4069 Ne
434 4005 570 4068 Gracchi
584 4005 707 4088 quidem
722 4010 821 4066 oratio
837 4018 890 4067 aut
904 4003 1111 4083 Petilliorum,
1128 4025 1254 4068 accusa-

153 4115 254 4166 torum
265 4103 408 4166 Alricani
421 4115 475 4166 aut
488 4101 551 4169 diei
567 4103 657 4166 dictae
671 4102 820 4166 Africano
834 4104 929 4166 ullam
944 4102 1134 4166 mentionem
1147 4102 1251 4166 hahet.

152 4204 223 4268 Alia
237 4217 301 4268 tota
316 4207 448 4270 serenda
461 4206 562 4269 fabula
578 4202 612 4287 (i.
628 4226 656 4268 e.
671 4205 894 4287 argumentum)
909 4218 956 4268 est
965 4205 1106 4270 Gracchi
1119 4200 1254 4268 orationi
