3288 5344
714 429 755 510 17

90 606 94 616 ·
183 595 306 654 mortua
320 601 329 646 1
341 601 382 650 ex
395 573 455 662 quo
470 579 554 644 111101
565 577 698 663 respicio
712 589 760 641 ost
769 579 916 641 amictae
929 598 1022 644 cama
1032 601 1098 646 assa
1112 587 1298 660 maraticam.¹

182 683 238 747 Est
255 682 352 762 igitur
366 681 414 745 oio
428 683 510 762 opud
520 680 608 742 illum
619 679 655 743 in
668 699 751 742 nono
766 679 816 762 (nt
826 680 957 764 opinor)
971 683 1085 744 Annali
1099 707 1108 744 a

302 837 424 894 Additur
439 842 531 893 orator
543 834 684 894 Corneliu'
698 835 904 908 suaviloquenti

306 931 362 990 Ore
376 931 514 1004 Cethegus
527 931 644 1004 Marcu’,
658 932 798 990 Tuditano
810 931 931 1004 collega,

303 1029 390 1086 Marci
400 1031 474 1088 tilius
478 1065 849 1089 ............
867 1009 915 1088 ..-
938 1057 947 1087 1

307 1163 480 1180 ......
502 1125 528 1180 Is
539 1125 631 1180 dictus
642 1125 703 1180 ollis
716 1123 898 1198 popularibus
908 1123 990 1192 olim,

305 1221 361 1292 Qui
372 1227 433 1278 tum
448 1221 581 1280 vivebant
594 1219 720 1278 homines
731 1225 814 1294 atquc
825 1235 916 1278 aevum
927 1215 1088 1290 agitabant,

307 1319 370 1374 Flos
382 1317 521 1374 delibatus
533 1317 630 1398 popuii
641 1317 794 1392 Suadaque
804 1308 936 1376 medulla.

233 1491 309 1541 flulti
333 1513 425 1572 quarn
447 1504 562 1554 vocant
591 1491 715 1566 Graeci,
742 1489 829 1572 cujus
850 1487 979 1550 effector
1002 1503 1050 1552 est
1069 1502 1188 1564 orator,
1215 1491 1300 1556 hanc

188 1589 321 1651 Suadam
350 1589 519 1671 appellarit
546 1587 692 1648 Enniusr
717 1585 784 1666 ejus
805 1599 908 1648 autem
932 1583 1103 1666 Cethegum
1132 1589 1299 1654 medullam

186 1685 281 1748 inisse
291 1687 370 1758 vrrlt,
391 1699 438 1758 ut,
456 1701 547 1766 quam
562 1686 651 1746 deam
666 1683 699 1744 in
710 1679 843 1744 Periclis
851 1681 950 1742 labris
964 1683 1090 1764 scripsit
1101 1685 1227 1765 Eupolis
1235 1705 1298 1748 ses-

186 1782 341 1856 simvisse,
357 1781 448 1863 hujus
461 1783 514 1842 hic
528 1779 695 1842 medullam
713 1793 852 1840 nostrum
867 1791 1024 1842 oratorem
1039 1779 1130 1842 luisse
1141 1779 1292 1846 dixerit.»

189 1879 238 1940 Du
255 1879 364 1939 eodem
381 1876 532 1938 Catonem
556 1876 677 1936 inducit
701 1873 767 1936 Cio.
791 1874 904 1937 Geton.
923 1895 953 1936 e.
972 1875 1023 1950 rt,
1052 1876 1103 1951 50,
1120 1878 1299 1941 dicentemr

197 1999 212 2034 1
225 1977 269 2040 Μ.
282 1995 359 2038 vero
370 1977 578 2054 Cethegum...
591 1987 706 2054 quanto
720 1975 820 2034 studio
830 1975 972 2036 exerceri
980 1974 1014 2035 in
1029 1975 1160 2037 dicendo
1173 1977 1301 2042 videba-

191 2093 270 2147 mres,
283 2075 378 2135 etiam
391 2069 511 2136 senem!
530 2073 625 2132 o-C.
645 2073 804 2130 Terentius
815 2073 937 2147 Varro,
954 2093 984 2142 a,-
1003 2073 1062 2134 537
1075 2073 1160 2149 Cos„
1174 2075 1301 2140 lerona·

191 2173 276 2248 bula,
293 2176 332 2236 da
344 2193 403 2256 quo
417 2175 487 2236 Lir.
503 2173 607 2244 XXll,
625 2171 708 2236 00111
723 2172 774 2233 38.
787 2205 831 2218 -·
841 2171 884 2233 P.
896 2173 1037 2234 licinius
1048 2173 1177 2235 Crassus
1190 2175 1301 2251 Diues,

192 2293 222 2342 a.
241 2271 302 2334 sta
322 2271 409 2344 Cos,
427 2274 466 2334 de
492 2291 551 2352 quo
563 2271 633 2337 Lis.
653 2271 751 2342 XXX,
774 2271 811 2329 11
828 2295 843 2326 r
859 2271 1302 2350 Facundissimushabebamr,

127 2371 130 2380 ’
189 2393 245 2437 seu
257 2376 491 2447 eausaoranda,
515 2393 567 2436 seu
590 2373 623 2434 in
641 2383 765 2445 senatu,
783 2373 822 2442 ad
836 2373 994 2455 populum,
1012 2375 1174 2452 suadendi,
1191 2395 1228 2438 ac
1243 2376 1304 2438 dis-

192 2474 342 2542 suadendi
351 2473 437 2536 loous
445 2486 541 2544 assota
552 2471 633 2552 juris
642 2471 795 2554 pontificii
807 2471 1048 2552 peritissimas.»
1064 2472 1155 2536 Gouf.
1168 2475 1302 2538 Wetzel.

193 2576 233 2637 ad
258 2574 326 2636 Cic.
351 2574 421 2638 Cat.
445 2595 474 2636 o.
494 2578 532 2650 a,
558 2573 723 2636 27.-1)e
737 2573 777 2633 P.
801 2571 948 2634 Cornelio
975 2575 1136 2653 Scipione,
1163 2575 1306 2640 Africani

192 2671 270 2746 lilio,
286 2672 355 2735 Cic.
370 2673 460 2733 Brut.
476 2693 506 2734 o.
527 2669 579 2746 20,
603 2668 641 2733 'ii
656 2691 664 2731 1
689 2693 703 2727 1
722 2671 756 2734 Si
768 2689 899 2752 corpore
910 2673 1067 2744 valuisset,
1080 2675 1114 2734 in
1128 2675 1238 2758 primis
1249 2675 1304 2737 ha·

193 2769 367 2831 bitusosset
378 2771 509 2830 disertius
523 2789 530 2828 a
544 2768 687 2828 iudicant
697 2781 760 2826 tum
770 2769 984 2843 oratiunculae,
1004 2782 1069 2829 turn
1079 2769 1211 2833 historia
1224 2792 1307 2853 qnae·

193 2869 267 2930 elam
280 2887 384 2948 graeca
398 2868 515 2947 scripta
529 2865 714 2926 dulcissime.
731 2891 743 2914 ι
761 2863 852 2926 Coni.
873 2865 985 2926 Vellei.
1009 2867 1079 2927 Pat.
1100 2869 1126 2942 l,
1146 2868 1196 2940 10,
1215 2870 1247 2930 3.
1262 2903 1305 2916 ··-

196 2968 230 3028 S.
247 2965 352 3027 AElius
377 2965 497 3036 Pteros,
526 2961 714 3044 cognomina
740 2953 851 3034 Corus,
874 2981 904 3022 a.
923 2963 984 3023 555
1008 2961 1091 3038 Cos„
1121 2965 1182 3026 560
1196 2964 1304 3040 Gens,

196 3063 276 3144 juris
305 3063 407 3123 ciuilis
430 3060 485 3122 illo
512 3073 651 3143 tempore
672 3061 808 3122 omnium
823 3061 1088 3136 consultissimus,
1111 3067 1305 3130 «sedetiam

198 3163 239 3222 ad
247 3161 560 3240 dicendumparatus,
575 3185 590 3217 ι
605 3158 710 3220 vorbis
720 3157 884 3223 Ciceronis
895 3161 984 3224 uror.
1000 3179 1029 3222 c.
1047 3160 1103 3238 20,
1119 3157 1190 3254 ts]

245 3257 295 3319 13.
320 3255 449 3320 Omissis
462 3257 569 3336 igitur,
586 3257 639 3337 qui
650 3269 765 3338 praeter
779 3259 915 3320 nominis
929 3260 1111 3321 memoriam
1127 3261 1217 3334 lamae
1228 3263 1309 3326 nihil

198 3357 404 3438 reliquerunt,
419 3357 525 3418 statim
534 3358 574 3418 ad
588 3357 640 3416 M.
657 3355 802 3414 Porcium
819 3357 967 3418 &sonem
978 3370 1181 3422 transeamus.
1195 3363 1257 3426 Sed
1269 3385 1309 3426 ne

198 3457 423 3539 bujmquidem
439 3455 537 3517 vitam
547 3453 773 3527 enarrabimus,
793 3475 883 3535 quam
893 3449 972 3538 apud
982 3458 1195 3534 Plutarchum,
1212 3463 1310 3542 Nepo-

200 3567 275 3630 tem,
297 3554 431 3629 Livium,
456 3553 721 3628 erismatorum
740 3551 846 3614 velex
858 3567 948 3635 parts
959 3557 1173 3618 adumbratam
1183 3559 1312 3629 studiosi

201 3663 355 3734 quaerant.
375 3649 541 3740 [Narravit
554 3651 632 3712 Ger.
646 3651 739 3727 Com.
753 3649 971 3732 Brilleuburg,
985 3654 1129 3715 Diatribe
1144 3655 1192 3716 lit.
1212 3657 1251 3718 de
1265 3657 1312 3718 ll.

205 3753 247 3820 P.
259 3753 297 3816 [i.
316 3749 479 3841 Gereonio,
496 3749 595 3829 Lugd.
612 3749 680 3808 Bas.
697 3747 790 3823 tuas,
806 3761 922 3830 preater
935 3753 1003 3812 citt.
1018 3753 1173 3833 aMeyero
1188 3773 1222 3835 p.
1240 3751 1309 3848 11.]

205 3849 270 3918 Sed
291 3847 459 3924 imaginem
479 3845 545 3926 ojus
566 3856 715 3924 manuam
732 3847 868 3909 oratoris
885 3867 1047 3930 ponamus.
1065 3850 1163 3910 Natus
1180 3845 1260 3914 Cato
1282 3873 1312 3914 a.
1355 3895 1357 3902 -

210 3949 286 4022 510,
307 3943 422 4012 mamit
436 3945 475 4022 ad
489 3963 520 4004 a.
536 3942 611 4016 004,
628 3939 681 4004 Μ’.
696 3941 866 4018 Manilium,
885 3947 922 4006 L.
936 3944 1087 4008 blaseium
1103 3946 1191 4009 Coss.
1211 3945 1315 4030 (utta.

185 4114 190 4122 .
213 4048 253 4114 ll.
270 4049 311 4111 N.
332 4043 446 4114 XXIX,
470 4043 508 4115 1,
529 4042 598 4106 Cic.
619 4041 707 4104 Brut.
728 4061 757 4101 c.
771 4041 856 4128 20),
871 4062 1046 4124 quanquam
1073 4045 1127 4110 alii
1140 4045 1237 4114 vitam
1252 4049 1319 4130 ejus

213 4147 335 4225 longius
346 4143 533 4226 producunt,
549 4142 697 4206 etLirius
714 4137 859 4216 XXXlX,
877 4142 930 4216 40,
948 4161 1030 4205 anno
1049 4165 1118 4206 eum
1133 4148 1319 4226 octogesimo

159 4257 161 4261 ·
214 4242 323 4322 (ganas
337 4260 446 4314 ¹erramus
454 4239 555 4318 egisse
569 4250 600 4300 et
615 4234 813 4316 nonagesimo
823 4238 966 4302 Seruium
976 4240 1112 4305 Galbam
1127 4242 1160 4304 in
1172 4243 1320 4324 judicium

257 4387 258 4390 =
1162 4357 1176 4405 ³
