<?xml version="1.0" encoding="UTF-8"?>
<!DOCTYPE html PUBLIC "-//W3C//DTD XHTML 1.0 Transitional//EN"
    "http://www.w3.org/TR/xhtml1/DTD/xhtml1-transitional.dtd">
<html xmlns="http://www.w3.org/1999/xhtml" xml:lang="en" lang="en">
 <head>
  <title>
</title>
<meta http-equiv="Content-Type" content="text/html;charset=utf-8" />
  <meta name='ocr-system' content='tesseract 3.04.00' />
  <meta name='ocr-capabilities' content='ocr_page ocr_carea ocr_par ocr_line ocrx_word'/>
</head>
<body>
  <div class='ocr_page' id='page_1' title='image "./oratorumromanor01meyegoog_0324.png"; bbox 0 0 3218 5320; ppageno 0'>
   <div class='ocr_carea' id='block_1_1' title="bbox 667 475 737 550">
    <p class='ocr_par' dir='ltr' id='par_1_1' title="bbox 667 475 737 550">
     <span class='ocr_line' id='line_1_1' title="bbox 667 475 737 550; baseline -0.057 -1"><span class='ocrx_word' id='word_1_1' title='bbox 667 475 737 550; x_wconf 82' lang='lat'>303</span> 
     </span>
    </p>
   </div>
   <div class='ocr_carea' id='block_1_2' title="bbox 144 609 1357 2932">
    <p class='ocr_par' dir='ltr' id='par_1_2' title="bbox 144 609 1357 2932">
     <span class='ocr_line' id='line_1_2' title="bbox 145 609 1248 694; baseline 0 -18"><span class='ocrx_word' id='word_1_2' title='bbox 145 627 203 676; x_wconf 89' lang='lat' dir='ltr'>est.</span> <span class='ocrx_word' id='word_1_3' title='bbox 226 612 404 678; x_wconf 82' lang='lat' dir='ltr'>Gronovius</span> <span class='ocrx_word' id='word_1_4' title='bbox 422 611 454 672; x_wconf 90' lang='lat' dir='ltr'>in</span> <span class='ocrx_word' id='word_1_5' title='bbox 471 611 620 672; x_wconf 75' lang='lat' dir='ltr'>Favorini·</span> <span class='ocrx_word' id='word_1_6' title='bbox 632 611 758 674; x_wconf 89' lang='lat' dir='ltr'>nomine</span> <span class='ocrx_word' id='word_1_7' title='bbox 771 613 812 676; x_wconf 91' lang='lat' dir='ltr'>P.</span> <span class='ocrx_word' id='word_1_8' title='bbox 827 612 986 692; x_wconf 76' lang='lat' dir='ltr'>Augurini</span> <span class='ocrx_word' id='word_1_9' title='bbox 998 609 1097 676; x_wconf 86' lang='lat' dir='ltr'>latere</span> <span class='ocrx_word' id='word_1_10' title='bbox 1107 611 1248 694; x_wconf 79' lang='lat' dir='ltr'>judicat.-</span> 
     </span>
     <span class='ocr_line' id='line_1_3' title="bbox 145 709 1257 792; baseline 0.002 -16"><span class='ocrx_word' id='word_1_11' title='bbox 145 715 174 776; x_wconf 89' lang='lat' dir='ltr'>is</span> <span class='ocrx_word' id='word_1_12' title='bbox 187 715 223 774; x_wconf 92' lang='grc' dir='ltr'>Ρ.</span> <span class='ocrx_word' id='word_1_13' title='bbox 237 712 391 775; x_wconf 83' lang='lat' dir='ltr'>Minucius</span> <span class='ocrx_word' id='word_1_14' title='bbox 404 710 582 790; x_wconf 76' lang='lat' dir='ltr'>Augurinus</span> <span class='ocrx_word' id='word_1_15' title='bbox 593 729 657 774; x_wconf 92' lang='lat' dir='ltr'>non</span> <span class='ocrx_word' id='word_1_16' title='bbox 668 711 770 774; x_wconf 88' lang='lat' dir='ltr'>minus</span> <span class='ocrx_word' id='word_1_17' title='bbox 781 709 908 791; x_wconf 83' lang='lat' dir='ltr'>ignotus</span> <span class='ocrx_word' id='word_1_18' title='bbox 919 724 968 776; x_wconf 87' lang='lat' dir='ltr'>ost</span> <span class='ocrx_word' id='word_1_19' title='bbox 978 730 1072 792; x_wconf 78' lang='lat' dir='ltr'>quam</span> <span class='ocrx_word' id='word_1_20' title='bbox 1082 714 1257 778; x_wconf 80' lang='lat' dir='ltr'>Favorinus</span> 
     </span>
     <span class='ocr_line' id='line_1_4' title="bbox 146 803 1255 892; baseline 0.002 -22"><span class='ocrx_word' id='word_1_21' title='bbox 146 811 222 892; x_wconf 87' lang='lat' dir='ltr'>ipse.</span> <span class='ocrx_word' id='word_1_22' title='bbox 254 810 415 872; x_wconf 89' lang='lat' dir='ltr'>Postremo</span> <span class='ocrx_word' id='word_1_23' title='bbox 439 805 475 870; x_wconf 93' lang='lat' dir='ltr'>in</span> <span class='ocrx_word' id='word_1_24' title='bbox 498 803 692 872; x_wconf 86' lang='lat' dir='ltr'>Salmasiauo</span> <span class='ocrx_word' id='word_1_25' title='bbox 716 806 889 892; x_wconf 80' lang='lat' dir='ltr'>exemplari</span> <span class='ocrx_word' id='word_1_26' title='bbox 913 804 1026 890; x_wconf 84' lang='lat' dir='ltr'>uliquis</span> <span class='ocrx_word' id='word_1_27' title='bbox 1050 807 1192 890; x_wconf 83' lang='lat' dir='ltr'>apposuit</span> <span class='ocrx_word' id='word_1_28' title='bbox 1215 833 1255 872; x_wconf 83' lang='lat' dir='ltr'>on</span> 
     </span>
     <span class='ocr_line' id='line_1_5' title="bbox 147 906 1254 992; baseline 0.004 -25"><span class='ocrx_word' id='word_1_29' title='bbox 147 906 307 970; x_wconf 74' lang='lat' dir='ltr'>Favonii?</span> <span class='ocrx_word' id='word_1_30' title='bbox 326 909 469 971; x_wconf 77' lang='lat' dir='ltr'>«Notueu</span> <span class='ocrx_word' id='word_1_31' title='bbox 483 907 623 992; x_wconf 87' lang='lat' dir='ltr'>proiecto</span> <span class='ocrx_word' id='word_1_32' title='bbox 636 906 718 970; x_wconf 91' lang='lat' dir='ltr'>bene</span> <span class='ocrx_word' id='word_1_33' title='bbox 734 922 859 984; x_wconf 91' lang='lat' dir='ltr'>notum,</span> <span class='ocrx_word' id='word_1_34' title='bbox 876 909 931 972; x_wconf 86' lang='lat' dir='ltr'>sed</span> <span class='ocrx_word' id='word_1_35' title='bbox 952 909 991 970; x_wconf 85' lang='lat' dir='ltr'>tle</span> <span class='ocrx_word' id='word_1_36' title='bbox 1011 927 1071 990; x_wconf 84' lang='lat' dir='ltr'>quo</span> <span class='ocrx_word' id='word_1_37' title='bbox 1087 909 1188 971; x_wconf 88' lang='lat' dir='ltr'>nullus</span> <span class='ocrx_word' id='word_1_38' title='bbox 1201 909 1254 972; x_wconf 87' lang='lat' dir='ltr'>iir-</span> 
     </span>
     <span class='ocr_line' id='line_1_6' title="bbox 147 1001 1257 1089; baseline 0 -21"><span class='ocrx_word' id='word_1_39' title='bbox 147 1004 295 1074; x_wconf 85' lang='lat' dir='ltr'>mavcrit,</span> <span class='ocrx_word' id='word_1_40' title='bbox 312 1017 464 1068; x_wconf 82' lang='lat' dir='ltr'>ettamen</span> <span class='ocrx_word' id='word_1_41' title='bbox 478 1017 646 1088; x_wconf 87' lang='lat' dir='ltr'>propterea</span> <span class='ocrx_word' id='word_1_42' title='bbox 660 1005 811 1081; x_wconf 84' lang='lat' dir='ltr'>notabile,</span> <span class='ocrx_word' id='word_1_43' title='bbox 829 1006 903 1089; x_wconf 79' lang='lat' dir='ltr'>quin</span> <span class='ocrx_word' id='word_1_44' title='bbox 916 1001 1015 1068; x_wconf 85' lang='lat' dir='ltr'>llicb.</span> <span class='ocrx_word' id='word_1_45' title='bbox 1025 1005 1205 1086; x_wconf 82' lang='lat' dir='ltr'>Virdungus</span> <span class='ocrx_word' id='word_1_46' title='bbox 1218 1011 1257 1072; x_wconf 81' lang='lat' dir='ltr'>ad</span> 
     </span>
     <span class='ocr_line' id='line_1_7' title="bbox 150 1099 1257 1186; baseline 0.003 -22"><span class='ocrx_word' id='word_1_47' title='bbox 150 1099 332 1182; x_wconf 76' lang='lat' dir='ltr'><strong>Agricolam</strong></span> <span class='ocrx_word' id='word_1_48' title='bbox 343 1101 445 1164; x_wconf 78' lang='lat' dir='ltr'><strong>Taciti</strong></span> <span class='ocrx_word' id='word_1_49' title='bbox 456 1101 502 1164; x_wconf 86' lang='lat' dir='ltr'>itu</span> <span class='ocrx_word' id='word_1_50' title='bbox 514 1121 643 1184; x_wconf 88' lang='lat' dir='ltr'>prorsus</span> <span class='ocrx_word' id='word_1_51' title='bbox 657 1101 777 1177; x_wconf 79' lang='lat' dir='ltr'>citat»,</span> <span class='ocrx_word' id='word_1_52' title='bbox 793 1115 829 1165; x_wconf 88' lang='lat' dir='ltr'>ut</span> <span class='ocrx_word' id='word_1_53' title='bbox 841 1103 1024 1169; x_wconf 84' lang='lat' dir='ltr'>Gronovius</span> <span class='ocrx_word' id='word_1_54' title='bbox 1036 1103 1092 1166; x_wconf 84' lang='lat' dir='ltr'>ait.</span> <span class='ocrx_word' id='word_1_55' title='bbox 1109 1104 1212 1186; x_wconf 68' lang='lat' dir='ltr'>Atque</span> <span class='ocrx_word' id='word_1_56' title='bbox 1223 1102 1257 1168; x_wconf 91' lang='lat' dir='ltr'>iu</span> 
     </span>
     <span class='ocr_line' id='line_1_8' title="bbox 149 1199 1256 1282; baseline 0.002 -19"><span class='ocrx_word' id='word_1_57' title='bbox 149 1222 188 1264; x_wconf 91' lang='lat' dir='ltr'>ea</span> <span class='ocrx_word' id='word_1_58' title='bbox 203 1199 385 1282; x_wconf 87' lang='lat' dir='ltr'>conjectura</span> <span class='ocrx_word' id='word_1_59' title='bbox 403 1201 577 1282; x_wconf 72' lang='lat' dir='ltr'>acquiesco,</span> <span class='ocrx_word' id='word_1_60' title='bbox 593 1213 711 1265; x_wconf 69' lang='lat' dir='ltr'>mumto</span> <span class='ocrx_word' id='word_1_61' title='bbox 722 1203 872 1266; x_wconf 76' lang='lat' dir='ltr'>Favorini</span> <span class='ocrx_word' id='word_1_62' title='bbox 887 1199 1014 1265; x_wconf 91' lang='lat' dir='ltr'>nomine</span> <span class='ocrx_word' id='word_1_63' title='bbox 1027 1201 1256 1278; x_wconf 66' lang='lat' dir='ltr'>insanitum,</span> 
     </span>
     <span class='ocr_line' id='line_1_9' title="bbox 149 1299 1258 1386; baseline 0.004 -25"><span class='ocrx_word' id='word_1_64' title='bbox 149 1321 337 1384; x_wconf 88' lang='lat' dir='ltr'>quamquam</span> <span class='ocrx_word' id='word_1_65' title='bbox 351 1300 420 1362; x_wconf 79' lang='lat' dir='ltr'>leve</span> <span class='ocrx_word' id='word_1_66' title='bbox 434 1311 556 1363; x_wconf 88' lang='lat' dir='ltr'>tantum</span> <span class='ocrx_word' id='word_1_67' title='bbox 570 1301 662 1382; x_wconf 86' lang='lat' dir='ltr'>hujus</span> <span class='ocrx_word' id='word_1_68' title='bbox 675 1299 834 1386; x_wconf 85' lang='lat' dir='ltr'><strong>opinionis</strong></span> <span class='ocrx_word' id='word_1_69' title='bbox 848 1315 1066 1382; x_wconf 77' lang='lat' dir='ltr'>argumentum</span> <span class='ocrx_word' id='word_1_70' title='bbox 1080 1321 1131 1364; x_wconf 89' lang='lat' dir='ltr'>me</span> <span class='ocrx_word' id='word_1_71' title='bbox 1144 1300 1258 1366; x_wconf 83' lang='lat' dir='ltr'>alleme</span> 
     </span>
     <span class='ocr_line' id='line_1_10' title="bbox 148 1395 1256 1482; baseline 0.001 -24"><span class='ocrx_word' id='word_1_72' title='bbox 148 1419 237 1481; x_wconf 87' lang='lat' dir='ltr'>posse</span> <span class='ocrx_word' id='word_1_73' title='bbox 250 1395 362 1461; x_wconf 80' lang='lat' dir='ltr'>fateor.</span> <span class='ocrx_word' id='word_1_74' title='bbox 384 1397 426 1458; x_wconf 85' lang='lat' dir='ltr'>bl.</span> <span class='ocrx_word' id='word_1_75' title='bbox 440 1397 581 1460; x_wconf 89' lang='lat' dir='ltr'>Licinius</span> <span class='ocrx_word' id='word_1_76' title='bbox 589 1397 719 1462; x_wconf 80' lang='lat' dir='ltr'>Crassus</span> <span class='ocrx_word' id='word_1_77' title='bbox 732 1411 765 1461; x_wconf 89' lang='lat' dir='ltr'>et</span> <span class='ocrx_word' id='word_1_78' title='bbox 775 1399 838 1462; x_wconf 91' lang='lat' dir='ltr'>Cn.</span> <span class='ocrx_word' id='word_1_79' title='bbox 852 1398 1015 1482; x_wconf 87' lang='lat' dir='ltr'>Pompeius</span> <span class='ocrx_word' id='word_1_80' title='bbox 1028 1401 1159 1480; x_wconf 86' lang='lat' dir='ltr'>Magnus</span> <span class='ocrx_word' id='word_1_81' title='bbox 1168 1399 1256 1463; x_wconf 87' lang='lat' dir='ltr'>Coss.</span> 
     </span>
     <span class='ocr_line' id='line_1_11' title="bbox 148 1495 1254 1584; baseline 0 -24"><span class='ocrx_word' id='word_1_82' title='bbox 148 1499 281 1564; x_wconf 85' lang='lat' dir='ltr'>annoU.</span> <span class='ocrx_word' id='word_1_83' title='bbox 291 1499 352 1564; x_wconf 84' lang='grc'>698</span> <span class='ocrx_word' id='word_1_84' title='bbox 361 1495 448 1559; x_wconf 86' lang='lat' dir='ltr'>inter</span> <span class='ocrx_word' id='word_1_85' title='bbox 460 1498 538 1560; x_wconf 83' lang='lat' dir='ltr'>alias</span> <span class='ocrx_word' id='word_1_86' title='bbox 547 1499 630 1580; x_wconf 82' lang='lat' dir='ltr'>leges</span> <span class='ocrx_word' id='word_1_87' title='bbox 641 1499 865 1584; x_wconf 80' lang='lat' dir='ltr'>sumptuariam</span> <span class='ocrx_word' id='word_1_88' title='bbox 875 1517 996 1580; x_wconf 89' lang='lat' dir='ltr'>quoque</span> <span class='ocrx_word' id='word_1_89' title='bbox 1005 1497 1254 1582; x_wconf 84' lang='lat' dir='ltr'>promulgabant,</span> 
     </span>
     <span class='ocr_line' id='line_1_12' title="bbox 149 1593 1257 1680; baseline -0.001 -24"><span class='ocrx_word' id='word_1_90' title='bbox 149 1616 242 1678; x_wconf 88' lang='lat' dir='ltr'>quam</span> <span class='ocrx_word' id='word_1_91' title='bbox 263 1605 366 1658; x_wconf 86' lang='lat' dir='ltr'>tamen</span> <span class='ocrx_word' id='word_1_92' title='bbox 387 1595 468 1656; x_wconf 90' lang='lat' dir='ltr'>ultro</span> <span class='ocrx_word' id='word_1_93' title='bbox 488 1607 596 1678; x_wconf 86' lang='lat' dir='ltr'>postea</span> <span class='ocrx_word' id='word_1_94' title='bbox 615 1593 776 1678; x_wconf 85' lang='lat' dir='ltr'>abjecere,</span> <span class='ocrx_word' id='word_1_95' title='bbox 798 1615 869 1658; x_wconf 90' lang='lat' dir='ltr'>cum</span> <span class='ocrx_word' id='word_1_96' title='bbox 888 1595 963 1680; x_wconf 87' lang='lat' dir='ltr'>aQ.</span> <span class='ocrx_word' id='word_1_97' title='bbox 976 1595 1143 1659; x_wconf 86' lang='lat' dir='ltr'>liortensio</span> <span class='ocrx_word' id='word_1_98' title='bbox 1158 1596 1257 1678; x_wconf 89' lang='lat' dir='ltr'>impu·</span> 
     </span>
     <span class='ocr_line' id='line_1_13' title="bbox 148 1687 1254 1774; baseline -0.003 -19"><span class='ocrx_word' id='word_1_99' title='bbox 148 1706 313 1772; x_wconf 89' lang='lat' dir='ltr'>gnaretur.</span> <span class='ocrx_word' id='word_1_100' title='bbox 337 1691 413 1754; x_wconf 89' lang='lat' dir='ltr'>Eam</span> <span class='ocrx_word' id='word_1_101' title='bbox 429 1691 638 1770; x_wconf 81' lang='lat' dir='ltr'>rogationem,</span> <span class='ocrx_word' id='word_1_102' title='bbox 657 1711 723 1774; x_wconf 82' lang='lat' dir='ltr'>quae</span> <span class='ocrx_word' id='word_1_103' title='bbox 737 1687 861 1754; x_wconf 90' lang='lat' dir='ltr'>Licinia</span> <span class='ocrx_word' id='word_1_104' title='bbox 880 1691 931 1752; x_wconf 82' lang='lat' dir='ltr'>lex</span> <span class='ocrx_word' id='word_1_105' title='bbox 951 1687 1102 1774; x_wconf 88' lang='lat' dir='ltr'>appellari</span> <span class='ocrx_word' id='word_1_106' title='bbox 1116 1703 1254 1772; x_wconf 82' lang='lat' dir='ltr'>poterat,</span> 
     </span>
     <span class='ocr_line' id='line_1_14' title="bbox 146 1784 1256 1870; baseline -0.004 -18"><span class='ocrx_word' id='word_1_107' title='bbox 146 1791 281 1852; x_wconf 86' lang='lat' dir='ltr'>suasisse</span> <span class='ocrx_word' id='word_1_108' title='bbox 295 1793 338 1851; x_wconf 91' lang='grc' dir='ltr'>Μ.</span> <span class='ocrx_word' id='word_1_109' title='bbox 351 1790 539 1864; x_wconf 86' lang='lat' dir='ltr'>Favonium,</span> <span class='ocrx_word' id='word_1_110' title='bbox 556 1788 716 1850; x_wconf 86' lang='lat' dir='ltr'>tribunum</span> <span class='ocrx_word' id='word_1_111' title='bbox 731 1787 833 1870; x_wconf 89' lang='lat' dir='ltr'>plebis</span> <span class='ocrx_word' id='word_1_112' title='bbox 846 1785 984 1867; x_wconf 84' lang='lat' dir='ltr'>ejusdem</span> <span class='ocrx_word' id='word_1_113' title='bbox 999 1786 1087 1861; x_wconf 88' lang='lat' dir='ltr'>anni,</span> <span class='ocrx_word' id='word_1_114' title='bbox 1098 1807 1136 1850; x_wconf 87' lang='lat' dir='ltr'>cx</span> <span class='ocrx_word' id='word_1_115' title='bbox 1151 1784 1256 1853; x_wconf 86' lang='lat' dir='ltr'>Gellio</span> 
     </span>
     <span class='ocr_line' id='line_1_15' title="bbox 147 1881 1357 1968; baseline -0.006 -15"><span class='ocrx_word' id='word_1_116' title='bbox 147 1907 220 1953; x_wconf 89' lang='lat' dir='ltr'>cnm</span> <span class='ocrx_word' id='word_1_117' title='bbox 233 1887 336 1968; x_wconf 85' lang='lat' dir='ltr'>aliqua</span> <span class='ocrx_word' id='word_1_118' title='bbox 346 1881 578 1968; x_wconf 80' lang='lat' dir='ltr'>probabilitatis</span> <span class='ocrx_word' id='word_1_119' title='bbox 590 1885 692 1968; x_wconf 88' lang='lat' dir='ltr'>specie</span> <span class='ocrx_word' id='word_1_120' title='bbox 706 1883 868 1966; x_wconf 83' lang='lat' dir='ltr'>conjicere</span> <span class='ocrx_word' id='word_1_121' title='bbox 881 1902 1055 1966; x_wconf 90' lang='lat' dir='ltr'>possumus.</span> <span class='ocrx_word' id='word_1_122' title='bbox 1072 1886 1106 1944; x_wconf 91' lang='lat' dir='ltr'>ls</span> <span class='ocrx_word' id='word_1_123' title='bbox 1119 1896 1167 1946; x_wconf 89' lang='lat' dir='ltr'>est</span> <span class='ocrx_word' id='word_1_124' title='bbox 1179 1885 1263 1946; x_wconf 83' lang='lat' dir='ltr'>itlcm</span> <span class='ocrx_word' id='word_1_125' title='bbox 1291 1889 1357 1962; x_wconf 79' lang='grc'>186</span> 
     </span>
     <span class='ocr_line' id='line_1_16' title="bbox 146 1967 1261 2066; baseline -0.002 -22"><span class='ocrx_word' id='word_1_126' title='bbox 146 1967 317 2056; x_wconf 85' lang='lat' dir='ltr'>Favonius,</span> <span class='ocrx_word' id='word_1_127' title='bbox 326 1983 365 2043; x_wconf 89' lang='lat' dir='ltr'>de</span> <span class='ocrx_word' id='word_1_128' title='bbox 375 1981 555 2063; x_wconf 88' lang='lat' dir='ltr'>qnoCicero</span> <span class='ocrx_word' id='word_1_129' title='bbox 565 1981 664 2066; x_wconf 87' lang='lat' dir='ltr'>Epist.</span> <span class='ocrx_word' id='word_1_130' title='bbox 674 1983 714 2044; x_wconf 83' lang='lat' dir='ltr'>ad</span> <span class='ocrx_word' id='word_1_131' title='bbox 722 1982 863 2044; x_wconf 77' lang='lat' dir='ltr'>Atticum</span> <span class='ocrx_word' id='word_1_132' title='bbox 874 1978 943 2052; x_wconf 87' lang='lat' dir='ltr'>ll,l</span> <span class='ocrx_word' id='word_1_133' title='bbox 957 1977 1098 2062; x_wconf 82' lang='lat' dir='ltr'>scripsit:</span> <span class='ocrx_word' id='word_1_134' title='bbox 1108 1981 1261 2042; x_wconf 75' lang='lat' dir='ltr'>Favonius</span> 
     </span>
     <span class='ocr_line' id='line_1_17' title="bbox 146 2080 1261 2161; baseline -0.002 -19"><span class='ocrx_word' id='word_1_135' title='bbox 146 2105 252 2144; x_wconf 85' lang='lat' dir='ltr'>meam</span> <span class='ocrx_word' id='word_1_136' title='bbox 266 2082 379 2142; x_wconf 81' lang='lat' dir='ltr'>nilum</span> <span class='ocrx_word' id='word_1_137' title='bbox 393 2081 460 2142; x_wconf 85' lang='lat' dir='ltr'>tulit</span> <span class='ocrx_word' id='word_1_138' title='bbox 470 2080 634 2156; x_wconf 78' lang='lat' dir='ltr'>honestius,</span> <span class='ocrx_word' id='word_1_139' title='bbox 642 2081 768 2142; x_wconf 85' lang='lat' dir='ltr'>Lucceii</span> <span class='ocrx_word' id='word_1_140' title='bbox 776 2081 919 2161; x_wconf 79' lang='lat' dir='ltr'>perdidit.</span> <span class='ocrx_word' id='word_1_141' title='bbox 935 2080 1099 2142; x_wconf 79' lang='lat' dir='ltr'>Accusavit</span> <span class='ocrx_word' id='word_1_142' title='bbox 1108 2080 1261 2141; x_wconf 82' lang='lat' dir='ltr'>Nasicam</span> 
     </span>
     <span class='ocr_line' id='line_1_18' title="bbox 147 2177 1262 2255; baseline 0 -13"><span class='ocrx_word' id='word_1_143' title='bbox 147 2182 317 2254; x_wconf 71' lang='lat' dir='ltr'>inhoneste,</span> <span class='ocrx_word' id='word_1_144' title='bbox 333 2203 371 2240; x_wconf 83' lang='lat' dir='ltr'>oe</span> <span class='ocrx_word' id='word_1_145' title='bbox 386 2181 522 2242; x_wconf 82' lang='lat' dir='ltr'>modeste</span> <span class='ocrx_word' id='word_1_146' title='bbox 535 2196 641 2242; x_wconf 85' lang='lat' dir='ltr'>tamen</span> <span class='ocrx_word' id='word_1_147' title='bbox 655 2181 750 2255; x_wconf 77' lang='lat' dir='ltr'>dixit,</span> <span class='ocrx_word' id='word_1_148' title='bbox 768 2185 810 2240; x_wconf 83' lang='lat' dir='ltr'>ito</span> <span class='ocrx_word' id='word_1_149' title='bbox 828 2193 859 2238; x_wconf 85' lang='lat' dir='ltr'>nt</span> <span class='ocrx_word' id='word_1_150' title='bbox 871 2177 972 2239; x_wconf 75' lang='lat' dir='ltr'>Rhodi</span> <span class='ocrx_word' id='word_1_151' title='bbox 991 2180 1152 2240; x_wconf 79' lang='lat' dir='ltr'>videretur</span> <span class='ocrx_word' id='word_1_152' title='bbox 1171 2181 1262 2246; x_wconf 86' lang='lat' dir='ltr'>molis</span> 
     </span>
     <span class='ocr_line' id='line_1_19' title="bbox 145 2278 1259 2368; baseline 0.002 -25"><span class='ocrx_word' id='word_1_153' title='bbox 145 2288 356 2368; x_wconf 82' lang='lat' dir='ltr'>potiusquam</span> <span class='ocrx_word' id='word_1_154' title='bbox 367 2278 484 2344; x_wconf 78' lang='lat' dir='ltr'>Moloni</span> <span class='ocrx_word' id='word_1_155' title='bbox 495 2302 622 2362; x_wconf 83' lang='lat' dir='ltr'>operam</span> <span class='ocrx_word' id='word_1_156' title='bbox 636 2283 768 2343; x_wconf 79' lang='lat' dir='ltr'>dedisse.</span> <span class='ocrx_word' id='word_1_157' title='bbox 786 2285 1014 2360; x_wconf 82' lang='lat' dir='ltr'>Argumentum</span> <span class='ocrx_word' id='word_1_158' title='bbox 1029 2293 1145 2356; x_wconf 88' lang='lat' dir='ltr'>autem,</span> <span class='ocrx_word' id='word_1_159' title='bbox 1154 2281 1189 2345; x_wconf 91' lang='lat' dir='ltr'>in</span> <span class='ocrx_word' id='word_1_160' title='bbox 1199 2302 1259 2364; x_wconf 87' lang='lat' dir='ltr'>quo</span> 
     </span>
     <span class='ocr_line' id='line_1_20' title="bbox 146 2377 1259 2464; baseline 0.004 -22"><span class='ocrx_word' id='word_1_161' title='bbox 146 2381 289 2454; x_wconf 72' lang='lat' dir='ltr'>nitimur,</span> <span class='ocrx_word' id='word_1_162' title='bbox 311 2379 487 2462; x_wconf 71' lang='lat' dir='ltr'>suppeditat</span> <span class='ocrx_word' id='word_1_163' title='bbox 500 2379 561 2442; x_wconf 80' lang='lat' dir='ltr'>Dio</span> <span class='ocrx_word' id='word_1_164' title='bbox 575 2379 701 2443; x_wconf 66' lang='lat' dir='ltr'>Cassius</span> <span class='ocrx_word' id='word_1_165' title='bbox 713 2377 862 2456; x_wconf 79' lang='lat' dir='ltr'>XXXIX,</span> <span class='ocrx_word' id='word_1_166' title='bbox 884 2378 949 2441; x_wconf 72' lang='lat'>372</span> <span class='ocrx_word' id='word_1_167' title='bbox 971 2393 1005 2444; x_wconf 90' lang='lat'>&#39;0</span> <span class='ocrx_word' id='word_1_168' title='bbox 1025 2411 1052 2444; x_wconf 86' lang='grc' dir='ltr'>τι</span> <span class='ocrx_word' id='word_1_169' title='bbox 1073 2393 1196 2464; x_wconf 73' lang='grc' dir='ltr'><strong>Πομποὶῖος</strong></span> <span class='ocrx_word' id='word_1_170' title='bbox 1216 2393 1259 2446; x_wconf 72' lang='lat' dir='ltr'>mi</span> 
     </span>
     <span class='ocr_line' id='line_1_21' title="bbox 146 2477 1259 2552; baseline 0 -19"><span class='ocrx_word' id='word_1_171' title='bbox 146 2485 157 2533; x_wconf 81' lang='lat' dir='ltr'>i</span> <span class='ocrx_word' id='word_1_172' title='bbox 173 2479 280 2552; x_wconf 71' lang='grc' dir='ltr'><strong>Κράσσος</strong></span> <span class='ocrx_word' id='word_1_173' title='bbox 293 2481 382 2533; x_wconf 75' lang='grc' dir='ltr'><strong>ὕπατοι</strong></span> <span class='ocrx_word' id='word_1_174' title='bbox 396 2479 553 2550; x_wconf 73' lang='grc' dir='ltr'><strong>Ιτιχιίριισοιν</strong></span> <span class='ocrx_word' id='word_1_175' title='bbox 571 2479 602 2531; x_wconf 77' lang='grc' dir='ltr'>τὰ</span> <span class='ocrx_word' id='word_1_176' title='bbox 617 2480 770 2550; x_wconf 72' lang='grc' dir='ltr'><strong>ἀναλώματα</strong></span> <span class='ocrx_word' id='word_1_177' title='bbox 789 2481 832 2536; x_wconf 76' lang='grc' dir='ltr'>τὴν</span> <span class='ocrx_word' id='word_1_178' title='bbox 846 2477 943 2531; x_wconf 70' lang='grc' dir='ltr'><strong>δίαιταν</strong></span> <span class='ocrx_word' id='word_1_179' title='bbox 957 2477 998 2530; x_wconf 70' lang='grc' dir='ltr'>ἰπὶ</span> <span class='ocrx_word' id='word_1_180' title='bbox 1016 2481 1169 2552; x_wconf 68' lang='grc' dir='ltr'><strong>μακρότατον</strong></span> <span class='ocrx_word' id='word_1_181' title='bbox 1182 2499 1259 2552; x_wconf 80' lang='grc' dir='ltr'><strong>τρισ-</strong></span> 
     </span>
     <span class='ocr_line' id='line_1_22' title="bbox 144 2573 1259 2650; baseline 0 -22"><span class='ocrx_word' id='word_1_182' title='bbox 144 2579 240 2650; x_wconf 73' lang='grc' dir='ltr'><strong>ηγμίνα</strong></span> <span class='ocrx_word' id='word_1_183' title='bbox 254 2579 391 2641; x_wconf 77' lang='grc' dir='ltr'><strong>συστεῖλαι,</strong></span> <span class='ocrx_word' id='word_1_184' title='bbox 415 2575 543 2648; x_wconf 72' lang='grc' dir='ltr'><strong>νισὶπιρις</strong></span> <span class='ocrx_word' id='word_1_185' title='bbox 564 2579 613 2628; x_wconf 80' lang='grc' dir='ltr'>πᾶν</span> <span class='ocrx_word' id='word_1_186' title='bbox 633 2575 702 2628; x_wconf 75' lang='grc' dir='ltr'><strong>αὐτοὶ</strong></span> <span class='ocrx_word' id='word_1_187' title='bbox 717 2574 760 2627; x_wconf 73' lang='lat' dir='ltr'>nal</span> <span class='ocrx_word' id='word_1_188' title='bbox 777 2581 866 2646; x_wconf 80' lang='grc' dir='ltr'><strong>τρυρῆς</strong></span> <span class='ocrx_word' id='word_1_189' title='bbox 887 2573 930 2626; x_wconf 81' lang='lat' dir='ltr'>ital</span> <span class='ocrx_word' id='word_1_190' title='bbox 952 2575 1080 2645; x_wconf 71' lang='grc' dir='ltr'><strong>ἁβρότητος</strong></span> <span class='ocrx_word' id='word_1_191' title='bbox 1100 2593 1259 2647; x_wconf 77' lang='grc' dir='ltr'><strong>οιριοιιχιιρη-</strong></span> 
     </span>
     <span class='ocr_line' id='line_1_23' title="bbox 148 2669 1258 2743; baseline 0 -19"><span class='ocrx_word' id='word_1_192' title='bbox 148 2673 225 2732; x_wconf 66' lang='lat' dir='ltr'>nicae·</span> <span class='ocrx_word' id='word_1_193' title='bbox 242 2673 391 2728; x_wconf 70' lang='lat' dir='ltr'>inolitacuti</span> <span class='ocrx_word' id='word_1_194' title='bbox 406 2670 434 2724; x_wconf 73' lang='lat' dir='ltr'>&lt;il</span> <span class='ocrx_word' id='word_1_195' title='bbox 446 2669 489 2723; x_wconf 75' lang='grc' dir='ltr'>ὑπ’</span> <span class='ocrx_word' id='word_1_196' title='bbox 499 2673 572 2724; x_wconf 81' lang='grc' dir='ltr'><strong>αὐτοῦ</strong></span> <span class='ocrx_word' id='word_1_197' title='bbox 581 2673 674 2734; x_wconf 77' lang='grc' dir='ltr'><strong>τούτου,</strong></span> <span class='ocrx_word' id='word_1_198' title='bbox 683 2677 726 2723; x_wconf 78' lang='grc' dir='ltr'>τοῦ</span> <span class='ocrx_word' id='word_1_199' title='bbox 740 2669 948 2742; x_wconf 57' lang='lat' dir='ltr'>&amp;salopscire-itum.</span> <span class='ocrx_word' id='word_1_200' title='bbox 960 2669 988 2723; x_wconf 80' lang='lat'>‘0</span> <span class='ocrx_word' id='word_1_201' title='bbox 995 2671 1044 2743; x_wconf 78' lang='grc' dir='ltr'>γὰρ</span> <span class='ocrx_word' id='word_1_202' title='bbox 1056 2669 1177 2742; x_wconf 70' lang='grc' dir='ltr'><strong>Ὁρτήσιος</strong></span> <span class='ocrx_word' id='word_1_203' title='bbox 1186 2682 1258 2742; x_wconf 80' lang='grc' dir='ltr'><strong>φιλοι-</strong></span> 
     </span>
     <span class='ocr_line' id='line_1_24' title="bbox 151 2765 1258 2836; baseline 0 -17"><span class='ocrx_word' id='word_1_204' title='bbox 151 2768 257 2826; x_wconf 81' lang='grc' dir='ltr'><strong>νοὶλωτος</strong></span> <span class='ocrx_word' id='word_1_205' title='bbox 269 2769 292 2818; x_wconf 76' lang='grc' dir='ltr'>ἐν</span> <span class='ocrx_word' id='word_1_206' title='bbox 305 2769 354 2824; x_wconf 84' lang='grc' dir='ltr'><strong>τοῖς</strong></span> <span class='ocrx_word' id='word_1_207' title='bbox 377 2765 483 2836; x_wconf 64' lang='grc' dir='ltr'><strong>μάλιστα</strong></span> <span class='ocrx_word' id='word_1_208' title='bbox 504 2767 545 2829; x_wconf 73' lang='grc' dir='ltr'>ὣν,</span> <span class='ocrx_word' id='word_1_209' title='bbox 559 2768 651 2817; x_wconf 70' lang='lat' dir='ltr'>insisti</span> <span class='ocrx_word' id='word_1_210' title='bbox 673 2767 768 2830; x_wconf 70' lang='grc' dir='ltr'><strong>αὐτοὺς,</strong></span> <span class='ocrx_word' id='word_1_211' title='bbox 789 2765 818 2816; x_wconf 76' lang='grc' dir='ltr'>τό</span> <span class='ocrx_word' id='word_1_212' title='bbox 835 2783 862 2815; x_wconf 78' lang='grc' dir='ltr'>τι</span> <span class='ocrx_word' id='word_1_213' title='bbox 880 2767 980 2836; x_wconf 56' lang='lat' dir='ltr'>pigrior</span> <span class='ocrx_word' id='word_1_214' title='bbox 997 2771 1039 2824; x_wconf 71' lang='lat' dir='ltr'>rig</span> <span class='ocrx_word' id='word_1_215' title='bbox 1051 2767 1144 2826; x_wconf 75' lang='grc' dir='ltr'>πόλεως</span> <span class='ocrx_word' id='word_1_216' title='bbox 1157 2765 1258 2832; x_wconf 69' lang='lat' dir='ltr'>initiis,</span> 
     </span>
     <span class='ocr_line' id='line_1_25' title="bbox 152 2859 1259 2932; baseline 0 -16"><span class='ocrx_word' id='word_1_217' title='bbox 152 2865 194 2916; x_wconf 76' lang='grc' dir='ltr'>καὶ</span> <span class='ocrx_word' id='word_1_218' title='bbox 212 2864 251 2916; x_wconf 71' lang='lat' dir='ltr'>tet</span> <span class='ocrx_word' id='word_1_219' title='bbox 264 2883 291 2914; x_wconf 86' lang='grc' dir='ltr'>τι</span> <span class='ocrx_word' id='word_1_220' title='bbox 305 2869 335 2931; x_wconf 83' lang='grc' dir='ltr'>τῇ</span> <span class='ocrx_word' id='word_1_221' title='bbox 349 2861 409 2913; x_wconf 74' lang='grc' dir='ltr'><strong>οἴοισι</strong></span> <span class='ocrx_word' id='word_1_222' title='bbox 422 2861 569 2932; x_wconf 78' lang='grc' dir='ltr'><strong>πολυτιλιὶᾳ</strong></span> <span class='ocrx_word' id='word_1_223' title='bbox 585 2859 628 2913; x_wconf 72' lang='lat' dir='ltr'>mi</span> <span class='ocrx_word' id='word_1_224' title='bbox 642 2859 683 2913; x_wconf 68' lang='lat' dir='ltr'>tei</span> <span class='ocrx_word' id='word_1_225' title='bbox 696 2865 726 2928; x_wconf 64' lang='grc' dir='ltr'>τῇ</span> <span class='ocrx_word' id='word_1_226' title='bbox 738 2862 761 2918; x_wconf 73' lang='lat' dir='ltr'>it</span> <span class='ocrx_word' id='word_1_227' title='bbox 772 2860 825 2919; x_wconf 69' lang='lat' dir='ltr'>robe</span> <span class='ocrx_word' id='word_1_228' title='bbox 839 2861 925 2917; x_wconf 72' lang='grc' dir='ltr'><strong>ἄλλους</strong></span> <span class='ocrx_word' id='word_1_229' title='bbox 938 2863 1135 2932; x_wconf 72' lang='grc' dir='ltr'><strong>μιγαλοφροσίννῃ</strong></span> <span class='ocrx_word' id='word_1_230' title='bbox 1146 2866 1259 2928; x_wconf 70' lang='lat' dir='ltr'>teatini,</span> 
     </span>
    </p>
   </div>
   <div class='ocr_carea' id='block_1_3' title="bbox 150 2956 1259 3213">
    <p class='ocr_par' dir='ltr' id='par_1_3' title="bbox 150 2956 1259 3213">
     <span class='ocr_line' id='line_1_26' title="bbox 152 2956 1257 3032; baseline 0.001 -20"><span class='ocrx_word' id='word_1_231' title='bbox 152 2961 304 3024; x_wconf 68' lang='lat' dir='ltr'>sarabaitis</span> <span class='ocrx_word' id='word_1_232' title='bbox 317 2959 360 3016; x_wconf 77' lang='grc' dir='ltr'>τὴν</span> <span class='ocrx_word' id='word_1_233' title='bbox 374 2959 482 3031; x_wconf 70' lang='grc' dir='ltr'><strong>γνώμην,</strong></span> <span class='ocrx_word' id='word_1_234' title='bbox 496 2960 539 3012; x_wconf 69' lang='lat' dir='ltr'>dns</span> <span class='ocrx_word' id='word_1_235' title='bbox 556 2956 599 3010; x_wconf 80' lang='grc' dir='ltr'>καὶ</span> <span class='ocrx_word' id='word_1_236' title='bbox 612 2961 776 3030; x_wconf 68' lang='grc' dir='ltr'><strong>συναγωνιστῇ</strong></span> <span class='ocrx_word' id='word_1_237' title='bbox 790 2963 837 3008; x_wconf 76' lang='grc' dir='ltr'>τῶν</span> <span class='ocrx_word' id='word_1_238' title='bbox 851 2957 930 3029; x_wconf 68' lang='grc' dir='ltr'><strong>λόγων</strong></span> <span class='ocrx_word' id='word_1_239' title='bbox 944 2964 978 3029; x_wconf 79' lang='grc' dir='ltr'>τῷ</span> <span class='ocrx_word' id='word_1_240' title='bbox 992 2957 1037 3030; x_wconf 75' lang='grc' dir='ltr'>βίῳ</span> <span class='ocrx_word' id='word_1_241' title='bbox 1051 2965 1115 3029; x_wconf 75' lang='grc' dir='ltr'><strong>σφῶν</strong></span> <span class='ocrx_word' id='word_1_242' title='bbox 1127 2959 1257 3032; x_wconf 73' lang='grc' dir='ltr'><strong>χρόμινος·</strong></span> 
     </span>
     <span class='ocr_line' id='line_1_27' title="bbox 150 3037 1259 3116; baseline 0.002 -21"><span class='ocrx_word' id='word_1_243' title='bbox 150 3045 194 3102; x_wconf 74' lang='grc' dir='ltr'>τήν</span> <span class='ocrx_word' id='word_1_244' title='bbox 203 3063 231 3096; x_wconf 89' lang='grc' dir='ltr'>τι</span> <span class='ocrx_word' id='word_1_245' title='bbox 246 3042 295 3116; x_wconf 68' lang='grc' dir='ltr'>γὰρ</span> <span class='ocrx_word' id='word_1_246' title='bbox 306 3041 439 3094; x_wconf 72' lang='lat' dir='ltr'>lintrium</span> <span class='ocrx_word' id='word_1_247' title='bbox 452 3039 607 3104; x_wconf 73' lang='lat' dir='ltr'>niisobitrsc,</span> <span class='ocrx_word' id='word_1_248' title='bbox 623 3039 666 3094; x_wconf 74' lang='lat' dir='ltr'>aot</span> <span class='ocrx_word' id='word_1_249' title='bbox 677 3041 776 3112; x_wconf 76' lang='lat' dir='ltr'>nptoltt</span> <span class='ocrx_word' id='word_1_250' title='bbox 792 3037 834 3103; x_wconf 71' lang='lat' dir='ltr'>uel</span> <span class='ocrx_word' id='word_1_251' title='bbox 845 3040 1047 3106; x_wconf 72' lang='grc' dir='ltr'><strong>ιοοιτοιινῆσιιντις,“</strong></span> <span class='ocrx_word' id='word_1_252' title='bbox 1059 3041 1136 3114; x_wconf 70' lang='grc' dir='ltr'><strong>φθόνῳ</strong></span> <span class='ocrx_word' id='word_1_253' title='bbox 1148 3042 1192 3096; x_wconf 84' lang='grc' dir='ltr'><strong>τινὶ</strong></span> <span class='ocrx_word' id='word_1_254' title='bbox 1205 3046 1259 3104; x_wconf 79' lang='grc' dir='ltr'><strong>τοὺς</strong></span> 
     </span>
     <span class='ocr_line' id='line_1_28' title="bbox 150 3133 1258 3213; baseline 0.002 -23"><span class='ocrx_word' id='word_1_255' title='bbox 150 3139 252 3205; x_wconf 77' lang='grc' dir='ltr'><strong>ἄλλους,</strong></span> <span class='ocrx_word' id='word_1_256' title='bbox 280 3133 311 3190; x_wconf 77' lang='grc' dir='ltr'>ὧν</span> <span class='ocrx_word' id='word_1_257' title='bbox 337 3135 405 3190; x_wconf 82' lang='grc' dir='ltr'><strong>αὐτοὶ</strong></span> <span class='ocrx_word' id='word_1_258' title='bbox 426 3141 562 3204; x_wconf 68' lang='grc' dir='ltr'><strong>ἐποιοῦντο,</strong></span> <span class='ocrx_word' id='word_1_259' title='bbox 583 3136 663 3190; x_wconf 70' lang='lat' dir='ltr'>teani</span> <span class='ocrx_word' id='word_1_260' title='bbox 687 3136 826 3210; x_wconf 67' lang='grc' dir='ltr'><strong>ἀπιίργιιν,</strong></span> <span class='ocrx_word' id='word_1_261' title='bbox 849 3137 940 3196; x_wconf 68' lang='lat' dir='ltr'>iniisse</span> <span class='ocrx_word' id='word_1_262' title='bbox 963 3137 1060 3205; x_wconf 73' lang='grc' dir='ltr'><strong>ιἰφῆνιιιν</strong></span> <span class='ocrx_word' id='word_1_263' title='bbox 1073 3139 1116 3196; x_wconf 75' lang='grc' dir='ltr'>τὴν</span> <span class='ocrx_word' id='word_1_264' title='bbox 1137 3140 1258 3213; x_wconf 55' lang='lat' dir='ltr'>iusipiens.</span> 
     </span>
    </p>
   </div>
   <div class='ocr_carea' id='block_1_4' title="bbox 140 3247 1263 4330">
    <p class='ocr_par' dir='ltr' id='par_1_4' title="bbox 150 3247 793 3331">
     <span class='ocr_line' id='line_1_29' title="bbox 150 3247 793 3331; baseline -0.014 -15"><span class='ocrx_word' id='word_1_265' title='bbox 150 3252 242 3316; x_wconf 87' lang='lat' dir='ltr'>Coni.</span> <span class='ocrx_word' id='word_1_266' title='bbox 258 3247 391 3329; x_wconf 86' lang='lat' dir='ltr'>Pighius</span> <span class='ocrx_word' id='word_1_267' title='bbox 406 3251 491 3310; x_wconf 83' lang='lat' dir='ltr'>Anu.</span> <span class='ocrx_word' id='word_1_268' title='bbox 506 3249 571 3311; x_wconf 78' lang='lat' dir='ltr'>vol.</span> <span class='ocrx_word' id='word_1_269' title='bbox 590 3249 652 3323; x_wconf 91' lang='lat'>111,</span> <span class='ocrx_word' id='word_1_270' title='bbox 669 3267 701 3331; x_wconf 88' lang='lat' dir='ltr'>p.</span> <span class='ocrx_word' id='word_1_271' title='bbox 720 3247 793 3310; x_wconf 81' lang='lat'>386.</span> 
     </span>
    </p>

    <p class='ocr_par' dir='ltr' id='par_1_5' title="bbox 195 3343 961 3428">
     <span class='ocr_line' id='line_1_30' title="bbox 195 3343 961 3428; baseline -0.008 -16"><span class='ocrx_word' id='word_1_272' title='bbox 195 3352 289 3412; x_wconf 90' lang='lat' dir='ltr'>Nunc</span> <span class='ocrx_word' id='word_1_273' title='bbox 297 3347 395 3412; x_wconf 92' lang='lat' dir='ltr'>Gellii</span> <span class='ocrx_word' id='word_1_274' title='bbox 406 3347 509 3409; x_wconf 87' lang='lat' dir='ltr'>locum</span> <span class='ocrx_word' id='word_1_275' title='bbox 519 3343 670 3410; x_wconf 86' lang='lat' dir='ltr'>orationis</span> <span class='ocrx_word' id='word_1_276' title='bbox 681 3365 864 3428; x_wconf 82' lang='lat' dir='ltr'>expromere</span> <span class='ocrx_word' id='word_1_277' title='bbox 875 3343 961 3410; x_wconf 90' lang='lat' dir='ltr'>licet.</span> 
     </span>
    </p>

    <p class='ocr_par' dir='ltr' id='par_1_6' title="bbox 140 3445 1263 4330">
     <span class='ocr_line' id='line_1_31' title="bbox 193 3445 1257 3530; baseline -0.001 -17"><span class='ocrx_word' id='word_1_278' title='bbox 193 3451 311 3513; x_wconf 87' lang='lat' dir='ltr'>Gellius</span> <span class='ocrx_word' id='word_1_279' title='bbox 320 3447 389 3522; x_wconf 89' lang='lat' dir='ltr'>XV,</span> <span class='ocrx_word' id='word_1_280' title='bbox 405 3449 442 3510; x_wconf 80' lang='lat'>8:</span> <span class='ocrx_word' id='word_1_281' title='bbox 458 3448 562 3530; x_wconf 86' lang='lat' dir='ltr'>Quum</span> <span class='ocrx_word' id='word_1_282' title='bbox 574 3447 749 3528; x_wconf 87' lang='lat' dir='ltr'>legeremus</span> <span class='ocrx_word' id='word_1_283' title='bbox 762 3445 938 3510; x_wconf 88' lang='lat' dir='ltr'>orationem</span> <span class='ocrx_word' id='word_1_284' title='bbox 951 3459 1088 3510; x_wconf 83' lang='lat' dir='ltr'>veterem</span> <span class='ocrx_word' id='word_1_285' title='bbox 1098 3449 1257 3522; x_wconf 83' lang='lat' dir='ltr'>Favorini,</span> 
     </span>
     <span class='ocr_line' id='line_1_32' title="bbox 150 3545 1259 3635; baseline -0.005 -19"><span class='ocrx_word' id='word_1_286' title='bbox 150 3573 213 3616; x_wconf 91' lang='lat' dir='ltr'>non</span> <span class='ocrx_word' id='word_1_287' title='bbox 228 3551 376 3616; x_wconf 88' lang='lat' dir='ltr'>indiserti</span> <span class='ocrx_word' id='word_1_288' title='bbox 389 3546 470 3622; x_wconf 84' lang='lat' dir='ltr'>viri,</span> <span class='ocrx_word' id='word_1_289' title='bbox 488 3564 579 3635; x_wconf 80' lang='lat' dir='ltr'>quam</span> <span class='ocrx_word' id='word_1_290' title='bbox 595 3549 769 3612; x_wconf 86' lang='lat' dir='ltr'>orationem</span> <span class='ocrx_word' id='word_1_291' title='bbox 784 3561 899 3624; x_wconf 89' lang='lat' dir='ltr'>totam,</span> <span class='ocrx_word' id='word_1_292' title='bbox 917 3561 952 3610; x_wconf 90' lang='lat' dir='ltr'>ut</span> <span class='ocrx_word' id='word_1_293' title='bbox 966 3545 1144 3612; x_wconf 86' lang='lat' dir='ltr'>meminisse</span> <span class='ocrx_word' id='word_1_294' title='bbox 1157 3568 1259 3629; x_wconf 86' lang='lat' dir='ltr'>posse·</span> 
     </span>
     <span class='ocr_line' id='line_1_33' title="bbox 149 3649 1259 3732; baseline -0.005 -16"><span class='ocrx_word' id='word_1_295' title='bbox 149 3675 229 3729; x_wconf 89' lang='lat' dir='ltr'>mus,</span> <span class='ocrx_word' id='word_1_296' title='bbox 245 3654 315 3716; x_wconf 85' lang='lat' dir='ltr'>odio</span> <span class='ocrx_word' id='word_1_297' title='bbox 329 3652 455 3714; x_wconf 89' lang='lat' dir='ltr'>hercule</span> <span class='ocrx_word' id='word_1_298' title='bbox 469 3649 640 3714; x_wconf 86' lang='lat' dir='ltr'>istiusmodi</span> <span class='ocrx_word' id='word_1_299' title='bbox 656 3662 795 3732; x_wconf 89' lang='lat' dir='ltr'>sumptus</span> <span class='ocrx_word' id='word_1_300' title='bbox 810 3663 903 3732; x_wconf 89' lang='lat' dir='ltr'>atque</span> <span class='ocrx_word' id='word_1_301' title='bbox 912 3653 1014 3713; x_wconf 84' lang='lat' dir='ltr'>victus</span> <span class='ocrx_word' id='word_1_302' title='bbox 1025 3649 1259 3731; x_wconf 87' lang='lat' dir='ltr'>perdidicimus.</span> 
     </span>
     <span class='ocr_line' id='line_1_34' title="bbox 151 3743 1260 3832; baseline -0.005 -18"><span class='ocrx_word' id='word_1_303' title='bbox 151 3751 257 3814; x_wconf 88' lang='lat' dir='ltr'>Verba</span> <span class='ocrx_word' id='word_1_304' title='bbox 274 3751 356 3826; x_wconf 74' lang='lat' dir='ltr'>baec,</span> <span class='ocrx_word' id='word_1_305' title='bbox 380 3766 447 3830; x_wconf 72' lang='lat' dir='ltr'>quse</span> <span class='ocrx_word' id='word_1_306' title='bbox 461 3748 672 3832; x_wconf 87' lang='lat' dir='ltr'>apposuimus,</span> <span class='ocrx_word' id='word_1_307' title='bbox 689 3743 837 3809; x_wconf 80' lang='lat' dir='ltr'>Favorini</span> <span class='ocrx_word' id='word_1_308' title='bbox 856 3757 946 3808; x_wconf 69' lang='lat' dir='ltr'>sunta</span> <span class='ocrx_word' id='word_1_309' title='bbox 960 3743 1115 3827; x_wconf 82' lang='lat' dir='ltr'>Proefccn&#39;</span> <span class='ocrx_word' id='word_1_310' title='bbox 1132 3751 1260 3826; x_wconf 70' lang='lat' dir='ltr'>popinae</span> 
     </span>
     <span class='ocr_line' id='line_1_35' title="bbox 151 3847 1260 3938; baseline -0.004 -28"><span class='ocrx_word' id='word_1_311' title='bbox 151 3867 241 3938; x_wconf 84' lang='lat' dir='ltr'>atque</span> <span class='ocrx_word' id='word_1_312' title='bbox 254 3853 389 3912; x_wconf 70' lang='lat' dir='ltr'>luxuriae</span> <span class='ocrx_word' id='word_1_313' title='bbox 404 3861 518 3932; x_wconf 74' lang='lat' dir='ltr'>negant</span> <span class='ocrx_word' id='word_1_314' title='bbox 529 3871 651 3910; x_wconf 84' lang='lat' dir='ltr'>coenam</span> <span class='ocrx_word' id='word_1_315' title='bbox 666 3849 782 3909; x_wconf 81' lang='lat' dir='ltr'>lentam</span> <span class='ocrx_word' id='word_1_316' title='bbox 795 3867 876 3923; x_wconf 88' lang='lat' dir='ltr'>esse,</span> <span class='ocrx_word' id='word_1_317' title='bbox 890 3852 962 3923; x_wconf 85' lang='lat' dir='ltr'>nisi,</span> <span class='ocrx_word' id='word_1_318' title='bbox 975 3867 1047 3907; x_wconf 87' lang='lat' dir='ltr'>cum</span> <span class='ocrx_word' id='word_1_319' title='bbox 1059 3847 1260 3912; x_wconf 83' lang='lat' dir='ltr'>libentissime</span> 
     </span>
     <span class='ocr_line' id='line_1_36' title="bbox 148 3949 1260 4034; baseline -0.004 -22"><span class='ocrx_word' id='word_1_320' title='bbox 148 3956 228 4027; x_wconf 84' lang='lat' dir='ltr'>edis,</span> <span class='ocrx_word' id='word_1_321' title='bbox 245 3968 309 4012; x_wconf 86' lang='lat' dir='ltr'>tum</span> <span class='ocrx_word' id='word_1_322' title='bbox 324 3953 483 4032; x_wconf 69' lang='lat' dir='ltr'>enascerentur</span> <span class='ocrx_word' id='word_1_323' title='bbox 501 3965 531 4010; x_wconf 89' lang='lat' dir='ltr'>et</span> <span class='ocrx_word' id='word_1_324' title='bbox 548 3951 613 4010; x_wconf 83' lang='lat' dir='ltr'>ulia</span> <span class='ocrx_word' id='word_1_325' title='bbox 626 3969 699 4011; x_wconf 86' lang='lat' dir='ltr'>esca</span> <span class='ocrx_word' id='word_1_326' title='bbox 719 3950 832 4010; x_wconf 84' lang='lat' dir='ltr'>melior</span> <span class='ocrx_word' id='word_1_327' title='bbox 849 3964 939 4034; x_wconf 84' lang='lat' dir='ltr'>atque</span> <span class='ocrx_word' id='word_1_328' title='bbox 957 3949 1093 4028; x_wconf 79' lang='lat' dir='ltr'>amplior</span> <span class='ocrx_word' id='word_1_329' title='bbox 1105 3963 1260 4010; x_wconf 84' lang='lat' dir='ltr'>succentu·</span> 
     </span>
     <span class='ocr_line' id='line_1_37' title="bbox 149 4049 1261 4135; baseline -0.005 -21"><span class='ocrx_word' id='word_1_330' title='bbox 149 4059 257 4114; x_wconf 84' lang='lat' dir='ltr'>rietur.</span> <span class='ocrx_word' id='word_1_331' title='bbox 281 4055 316 4115; x_wconf 89' lang='lat' dir='ltr'>Is</span> <span class='ocrx_word' id='word_1_332' title='bbox 337 4049 490 4134; x_wconf 76' lang='lat' dir='ltr'>nuncflos</span> <span class='ocrx_word' id='word_1_333' title='bbox 512 4071 605 4112; x_wconf 78' lang='lat' dir='ltr'>coenoe</span> <span class='ocrx_word' id='word_1_334' title='bbox 621 4050 748 4111; x_wconf 79' lang='lat' dir='ltr'>liabetur</span> <span class='ocrx_word' id='word_1_335' title='bbox 760 4055 841 4111; x_wconf 83' lang='lat' dir='ltr'>inter</span> <span class='ocrx_word' id='word_1_336' title='bbox 855 4056 942 4124; x_wconf 86' lang='lat' dir='ltr'>istos,</span> <span class='ocrx_word' id='word_1_337' title='bbox 958 4050 1067 4135; x_wconf 82' lang='lat' dir='ltr'>quibus</span> <span class='ocrx_word' id='word_1_338' title='bbox 1081 4064 1217 4128; x_wconf 82' lang='lat' dir='ltr'>sumptus</span> <span class='ocrx_word' id='word_1_339' title='bbox 1230 4064 1261 4108; x_wconf 87' lang='lat' dir='ltr'>et</span> 
     </span>
     <span class='ocr_line' id='line_1_38' title="bbox 140 4149 1263 4234; baseline -0.008 -20"><span class='ocrx_word' id='word_1_340' title='bbox 140 4154 303 4232; x_wconf 78' lang='lat' dir='ltr'>firstidinm</span> <span class='ocrx_word' id='word_1_341' title='bbox 321 4173 381 4230; x_wconf 86' lang='lat' dir='ltr'>pro</span> <span class='ocrx_word' id='word_1_342' title='bbox 392 4153 528 4232; x_wconf 85' lang='lat' dir='ltr'>facetiis</span> <span class='ocrx_word' id='word_1_343' title='bbox 546 4151 702 4229; x_wconf 79' lang='lat' dir='ltr'>procedit:</span> <span class='ocrx_word' id='word_1_344' title='bbox 719 4153 771 4234; x_wconf 71' lang='lat' dir='ltr'>qud</span> <span class='ocrx_word' id='word_1_345' title='bbox 791 4164 903 4230; x_wconf 82' lang='lat' dir='ltr'>negant</span> <span class='ocrx_word' id='word_1_346' title='bbox 922 4149 1017 4210; x_wconf 87' lang='lat' dir='ltr'>ullam</span> <span class='ocrx_word' id='word_1_347' title='bbox 1036 4169 1125 4213; x_wconf 79' lang='lat' dir='ltr'>ovem</span> <span class='ocrx_word' id='word_1_348' title='bbox 1143 4161 1263 4228; x_wconf 79' lang='lat' dir='ltr'>proeter</span> 
     </span>
     <span class='ocr_line' id='line_1_39' title="bbox 149 4247 1262 4330; baseline -0.008 -20"><span class='ocrx_word' id='word_1_349' title='bbox 149 4249 310 4317; x_wconf 70' lang='lat' dir='ltr'>ficedulam</span> <span class='ocrx_word' id='word_1_350' title='bbox 329 4263 424 4308; x_wconf 86' lang='lat' dir='ltr'>totam</span> <span class='ocrx_word' id='word_1_351' title='bbox 440 4269 581 4310; x_wconf 76' lang='lat' dir='ltr'>contesse</span> <span class='ocrx_word' id='word_1_352' title='bbox 595 4262 748 4327; x_wconf 77' lang='lat' dir='ltr'>oportere,</span> <span class='ocrx_word' id='word_1_353' title='bbox 764 4263 935 4310; x_wconf 84' lang='lat' dir='ltr'>ceteramm</span> <span class='ocrx_word' id='word_1_354' title='bbox 954 4251 1057 4309; x_wconf 74' lang='lat' dir='ltr'>avium</span> <span class='ocrx_word' id='word_1_355' title='bbox 1077 4261 1166 4330; x_wconf 86' lang='lat' dir='ltr'>atque</span> <span class='ocrx_word' id='word_1_356' title='bbox 1185 4247 1262 4304; x_wconf 83' lang='lat' dir='ltr'>alti.</span> 
     </span>
    </p>
   </div>
   <div class='ocr_carea' id='block_1_5' title="bbox 0 0 1614 5320">
    <p class='ocr_par' dir='ltr' id='par_1_7' title="bbox 0 0 1614 5320">
     <span class='ocr_line' id='line_1_40' title="bbox 0 0 1614 5320; baseline 0 1"><span class='ocrx_word' id='word_1_357' title='bbox 0 0 1614 5320; x_wconf 95' lang='lat' dir='ltr'> </span> 
     </span>
    </p>
   </div>
  </div>
 </body>
</html>
