3212 5326
708 395 774 467 179

170 530 266 598 ninii
279 543 437 616 oppertus,
455 547 490 594 nt
503 531 556 594 aiii
569 531 608 594 ie
623 551 655 594 se
669 531 887 614 predicarent,
911 528 976 612 ipse
995 530 1027 594 in
1044 533 1184 596 oratione
1206 530 1285 596 suri·

171 645 251 696 tum
273 632 416 714 reliquit,
441 635 540 716 Quum
565 637 596 690 iu
619 633 804 710 Hispaniam
827 631 934 702 consul
949 629 1205 710 proficisceretur,
1227 649 1290 696 tm·

173 751 290 794 seruos
303 731 433 794 soloseu
449 731 524 792 urbs
535 732 684 799 ducisse.-
698 734 841 816 quoniam
855 731 898 790 nd
907 728 1066 807 publicam
1078 731 1186 796 vilium
1198 753 1290 793 vene·
1317 736 1320 748 ’

173 844 250 900 rat,
268 851 379 907 parum
394 834 497 892 visum
511 833 565 916 qui
578 843 730 903 mereunt,-
745 824 881 910 jussisse
894 829 968 888 dnos
980 847 1093 906 pueros
1114 835 1146 888 in
1156 831 1234 908 foro
1253 833 1291 890 de

173 947 294 995 mensa
304 933 388 1005 ensi3
399 949 453 991 eos
464 927 594 1014 quinque
607 933 639 988 in
650 927 832 1006 Hispanum
843 927 983 988 duxisse.

214 1065 353 1137 quomens]
365 1061 436 1116 idem
447 1061 502 1116 iere
511 1061 582 1116 velet
593 1061 665 1134 quod
673 1075 821 1136 postquam.
836 1060 943 1114 Exierat
950 1062 1017 1114 Cato
1027 1079 1088 1114 oum
1100 1061 1186 1114 tribus
1199 1065 1293 1125 servis,
1319 1065 1363 1142 73

259 1145 306 1198 sed
319 1164 379 1199 oum
393 1145 426 1198 ud
438 1143 530 1198 villam
541 1145 685 1218 publicam,
700 1161 759 1214 quse
776 1144 804 1196 in
822 1161 915 1215 cumpo
929 1143 1024 1196 Martio
1036 1155 1102 1208 eunt,
1115 1145 1291 1214 peruenisset,

257 1227 341 1282 subiit
353 1228 470 1281 animum
482 1227 617 1300 cogitatio,
630 1246 684 1279 non
695 1245 773 1300 posse
783 1237 836 1278 tam
843 1243 944 1298 pnnoos
954 1245 1043 1280 servos
1052 1227 1175 1283 sufficere
1186 1230 1293 1300 provin-

256 1315 324 1368 ciam
332 1314 543 1370 administrantis
555 1313 629 1369 misit
636 1333 698 1386 ergo
707 1313 736 1366 in
745 1311 839 1366 urbem
848 1312 895 1383 qui
904 1312 971 1367 duos
980 1325 1089 1366 emeret.
1099 1313 1228 1370 Priuoeus.

215 1426 270 1493 qui
278 1401 403 1490 mereim]
412 1427 460 1494 qui
471 1421 579 1494 unique
591 1441 640 1494 pro
652 1422 756 1495 quibus,
769 1433 800 1474 nt
810 1436 854 1491 op.
864 1419 953 1476 Plsut.
966 1421 1045 1492 Cupi,
1054 1420 1091 1486 V,
1103 1422 1131 1488 i,
1140 1424 1167 1484 6,
1176 1430 1292 1496 quinum,

256 1525 306 1579 pun
313 1511 475 1580 quintum.

215 1622 255 1672 de
265 1623 366 1685 mu]
377 1639 467 1676 mma
475 1633 519 1675 sot
527 1621 606 1692 lupis,
615 1620 707 1692 inquo
717 1615 786 1672 survi
798 1619 905 1674 reuulso
913 1619 1079 1694 promitunt,
1088 1619 1133 1674 vol
1141 1632 1249 1676 sumta.

215 1729 464 1804 quittqsus]u.1’lut.
477 1731 533 1785 vit.
544 1732 602 1784 Cet.
611 1749 635 1784 c.
647 1732 689 1784 10.

225 1856 299 1940 Quo
320 1857 362 1918 sit
383 1875 467 1921 enno
488 1855 557 1918 haeo
578 1853 680 1919 oratio
700 1853 820 1932 habita,
843 1852 1003 1919 dubitem:
1027 1873 1066 1918 ex
1087 1851 1291 1938 inscriptione

175 1957 322 2038 quidem
331 1977 431 2019 annus
450 1959 626 2019 consulatus
641 1955 780 2032 Catonis,
798 1975 858 2038 quo
877 1957 911 2017 in
925 1955 1106 2037 Hispaniam
1121 1957 1161 2018 nd
1174 1955 1291 2016 bellum

177 2057 345 2138 profectus
365 2070 427 2130 est,
450 2055 653 2136 significatur,
676 2053 709 2116 iu
729 2069 777 2118 est
797 2077 826 2118 s.
841 2054 879 2114 U.
895 2053 969 2130 558,
986 2076 1096 2118 verum
1117 2055 1290 2136 fragmenta

178 2158 319 2232 docent,
344 2155 495 2219 Catonem
517 2155 552 2219 in
570 2176 608 2218 ea
628 2153 735 2218 dicere
756 2155 794 2217 de
813 2155 924 2234 exiguo
946 2169 1114 2238 apparatu,
1138 2153 1197 2235 qno
1220 2175 1290 2220 usus

175 2256 291 2329 inerit,
309 2276 379 2320 oum
399 2256 433 2318 in
452 2256 634 2338 Hispaniam
651 2253 913 2338 proficisceretur.
937 2256 1037 2318 Index
1050 2273 1125 2334 ergo
1139 2252 1290 2320 orationis

174 2353 277 2416 inisse
293 2355 443 2416 uitiatur:
471 2353 579 2414 Omtio
604 2354 642 2411 de
665 2365 815 2431 apparatu
840 2371 905 2422 sno,
931 2371 1022 2436 quum
1048 2357 1081 2411 in
1104 2352 1288 2430 Hispaniam

173 2455 293 2516 consul
302 2455 560 2534 proficisceretur,
576 2466 629 2513 sut
641 2453 747 2514 Omtio
760 2453 799 2510 de
813 2466 932 2531 sumptu
946 2473 1013 2522 sno,
1025 2471 1116 2536 quum
1131 2455 1162 2511 iu
1176 2451 1287 2530 Hispa-

176 2559 272 2614 niam
285 2554 391 2615 consui
401 2554 661 2634 proficisceretur.
685 2553 765 2628 Eam,
776 2564 879 2615 autem
894 2571 957 2614 non
978 2563 1051 2614 ente
1066 2551 1289 2634 profectionem
1383 2577 1385 2582 ¹

173 2647 215 2719 in
230 2653 415 2736 Hispaniam
427 2652 547 2728 hahuit,
562 2654 617 2714 ssd
631 2672 775 2717 reuersus
789 2673 827 2714 ex
837 2652 1001 2732 Hispania,
1017 2651 1153 2714 inimicis
1162 2671 1289 2716 onmem
1385 2635 1391 2644 ’

176 2751 244 2814 sibi
255 2748 442 2814 dicentibus.
460 2753 533 2814 use
543 2747 662 2829 liscum
674 2749 774 2811 alteru
785 2749 914 2810 fortusse
925 2747 1290 2830 contumacissimam

176 2863 294 2932 egerat
309 2851 346 2912 de
360 2850 520 2914 consulatu
533 2869 606 2932 suo,
627 2861 663 2909 ut
676 2867 747 2911 mox
761 2843 946 2908 uidebimus.
968 2842 1155 2932 [Bolhuisius
1170 2869 1288 2930 quoqne

178 2953 345 3036 utriusque
355 2954 532 3034 fragmenta
541 2949 575 3015 in
586 2973 682 3018 unum
695 2945 859 3034 conjunxit
871 2970 902 3031 p.
915 2949 954 3012 95
968 2941 1053 3039 sqq]

355 3173 408 3235 st.
431 3191 505 3235 mro
520 3193 638 3235 nrnnun
654 3191 807 3234 mormun
821 3189 861 3232 nu
874 3187 1046 3232 consnmru
1060 3187 1127 3232 suo.

224 3377 351 3441 Festuss
366 3374 589 3440 Mediocriculo
604 3395 676 3438 usus
689 3387 737 3438 est
749 3375 783 3438 in
797 3395 835 3438 ea
849 3394 943 3456 quum
956 3375 1036 3438 dixit
1043 3373 1121 3440 Catu
1135 3374 1170 3437 in
1180 3393 1290 3442 oonsu-

176 3473 248 3536 latu
257 3495 266 3534 ε
275 3471 481 3534 Ridibundum
491 3476 716 3555 magistratum,
723 3473 869 3551 pauculos
879 3471 1029 3552 hominm,
1040 3472 1288 3534 mediocriculum

179 3574 358 3632 exercitum
371 3569 494 3632 obviam
507 3570 589 3630 duci.

218 3719 412 3788 mgisuatnm]
427 3713 547 3784 loquitur
558 3713 669 3768 fortasse
686 3713 719 3767 de
734 3694 914 3784 Hispnnoruin
926 3712 1002 3777 urbe,
1017 3711 1086 3764 souin
1098 3711 1286 3778 Romanorum.

256 3801 305 3867 [ln
322 3801 380 3857 eod·
398 3801 471 3856 Festi
489 3801 650 3871 sequebatur
661 3800 820 3860 uooubnluuu
830 3819 934 3874 ponere,
948 3798 1021 3870 quod
1032 3799 1137 3870 ignorat
1148 3797 1248 3854 Paulus
1262 3811 1290 3850 et

257 3882 416 3944 deleverunt
427 3883 609 3955 interpretem]
1109 3919 1115 3924 -

224 4019 335 4081 Festus
345 4040 378 4081 tu
391 4017 487 4084 Recto
497 4019 608 4100 fronte
624 4033 739 4080 ceteros
752 4021 838 4104 sequi
851 4022 879 4078 si
893 4021 983 4094 norit,
1000 4015 1078 4082 Cato
1092 4017 1127 4082 in
1142 4018 1284 4080 disserta·

181 4120 264 4174 tione
282 4115 469 4178 consulatus:
490 4111 623 4198 untiquae
643 4117 676 4178 id
696 4115 925 4178 consuetudinis
944 4114 1118 4190 iniuncto,
1134 4110 1283 4178 nimirum

175 4217 273 4294 frons
283 4217 452 4280 masculino
466 4237 592 4297 genere.
610 4217 780 4298 Aliahujns
791 4235 864 4280 usus
877 4237 915 4290 ex
926 4215 1044 4295 Catone
1054 4213 1194 4298 exemplu
1206 4215 1291 4277 Lau·
