3288 5344
696 489 760 544 Xlli

178 617 282 678 scunt
307 617 344 682 et
365 599 475 686 ‚literae
497 617 661 697 artesque
685 601 944 686 deflorescunt.
974 603 1030 682 Sic
1052 603 1278 687 rnediocritas

175 735 244 810 ista
255 732 554 828 Panegyricorum
572 731 691 808 seuulo
705 732 824 827 potius
843 754 946 828 quom
963 731 1143 812 homiuum
1161 733 1273 831 eulpae

177 859 286 931 tribui
308 857 427 930 debet.
457 858 548 928 Vitia
565 859 658 928 enim
674 859 946 954 imperatorum,
971 855 1067 928 bella
1090 861 1275 948 conrtnua,

177 991 374 1061 invasiones
393 986 641 1072 barbarorum,
666 987 881 1084 direptiones
901 1011 1023 1059 rernm
1045 989 1276 1084 privatarum,

176 1117 312 1189 iacun
336 1137 481 1210 promus
501 1113 581 1187 rito
603 1111 759 1185 conditio
784 1110 946 1186 homines
966 1127 1040 1184 tum
1067 1113 1104 1184 in
1122 1113 1279 1186 miserri-

177 1241 273 1314 mum
285 1255 417 1312 stotum
430 1239 697 1338 depresserant,
721 1253 757 1312 et
778 1236 887 1310 literae
903 1261 976 1310 nou
998 1238 1076 1312 sine
1092 1239 1224 1312 timore
1239 1251 1279 1310 ot

177 1368 353 1438 noxietate
381 1363 451 1439 ooli
483 1383 661 1463 poterant.
690 1367 780 1439 Cum
812 1381 928 1438 autem
966 1367 1129 1464 princeps
1161 1365 1281 1438 honus

178 1519 258 1568 raro
278 1493 324 1566 ad
344 1495 527 1592 imperium
550 1495 765 1592 perveniret,
787 1493 933 1592 plurimi
949 1518 1035 1568 vero
1057 1517 1180 1566 eorum
1196 1492 1281 1564 lsrie

178 1631 298 1691 essent
330 1615 516 1687 similiores
548 1639 652 1712 quam
680 1613 903 1700 hominibus,
936 1637 1059 1686 omnes
1087 1612 1194 1700 odeo,
1219 1613 1280 1710 qui

178 1757 317 1814 tanturn
330 1765 402 1814 non
416 1741 577 1814 facinora
593 1742 760 1814 continuo
775 1739 976 1840 patrabant,
991 1741 1124 1838 populo
1140 1739 1280 1838 accepti

178 1867 320 1938 luerunt
346 1883 383 1938 et
400 1867 487 1939 mire
502 1865 650 1954 laudati,
677 1883 842 1964 tanquam
858 1891 877 1940 a
896 1866 963 1939 diis
989 1869 1100 1953 missi,
1120 1868 1170 1940 uti
1190 1866 1280 1940 leni·

178 2005 261 2061 rent
286 1991 448 2063 miseram
480 1989 685 2060 mortalium
716 2005 861 2064 sortem.
893 1991 1014 2082 Quare
1052 1993 1280 2088 panegyricos

177 2113 392 2188 Maximiano
414 2112 592 2186 Heroum
608 2113 725 2185 dictos
742 2111 799 2184 rel
813 2115 1025 2188 Constantio
1051 2129 1088 2186 et
1106 2113 1280 2200 Constan-

179 2239 254 2310 tino
280 2263 354 2318 nnn
382 2239 520 2336 ineptas
548 2237 823 2313 declamationes
853 2255 915 2311 aut
948 2239 1033 2312 viles
1058 2238 1278 2312 editiotiones

178 2361 442 2460 appellaverim,
461 2363 526 2436 sed
538 2365 740 2460 gratissimo
754 2367 873 2440 animo
888 2380 996 2463 atque
1008 2366 1146 2438 sineere
1160 2365 1282 2462 ingen·

179 2489 362 2564 teslaudes
378 2491 433 2564 his
447 2492 721 2590 imperatoribus
735 2498 818 2566 'sunt
835 2493 989 2566 tributae.
1008 2493 1149 2565 Eminet
1163 2509 1282 2566 antem

180 2620 272 2690 iuter
295 2635 435 2691 eeteros
459 2621 713 2718 Pormgyrr'cus
740 2622 886 2720 qualitor
919 2622 993 2693 slve
1021 2619 1282 2722 Eptlholontius

180 2739 405 2812 Maximiano
428 2751 466 2810 et
491 2741 721 2814 Constantino
744 2743 781 2812 tit
804 2740 908 2838 hujus
929 2754 966 2822 et
984 2745 1128 2814 Fausto
1143 2746 1282 2841 nuptiis

180 2861 309 2952 dietus,
329 2879 407 2934 tum
426 2864 595 2944 Enmeor'r'
604 2883 678 2960 pra
698 2859 944 2933 restaurando
965 2858 1090 2931 sciolr'r
1113 2864 1227 2932 omo'o
1246 2878 1283 2934 st

182 2984 328 3058 Claudii
350 2984 560 3060 Mamertini
585 2981 838 3084 Panegyn'our
861 2983 1080 3068 Moenum
1108 2983 1282 3067 Herculeo

184 3106 311 3178 debeo.

100 3240 103 3245 '
231 3229 326 3317 Sed,
361 3253 407 3305 ue
427 3231 465 3300 in
494 3229 668 3305 inlinitum
694 3255 861 3328 compunt
885 3235 1001 3304 oratio
1034 3256 1111 3324 msa
1143 3255 1288 3330 rogara-

183 3369 264 3439 tur,
289 3355 478 3428 terminum
494 3352 602 3450 hujus
630 3353 712 3426 libri
738 3356 903 3426 eonstitui
922 3358 969 3449 Q.
991 3355 1111 3433 Aurei·
1129 3357 1284 3454 Symma-

185 3477 303 3568 chum,
322 3478 417 3574 quis
431 3478 557 3573 primo,
576 3503 682 3576 quem
696 3479 871 3566 novimus,
889 3495 1031 3551 oratore
1046 3477 1129 3576 plus
1140 3483 1287 3552 saxosos

186 3616 303 3674 torum
327 3624 504 3677 annorum
532 3604 646 3699 spatio
675 3619 872 3698 separatur.
898 3604 1005 3686 Nom,
1027 3617 1066 3673 ut
1086 3603 1176 3674 duos
1204 3626 1287 3674 mro

187 3725 278 3800 inter
312 3747 393 3802 sose
423 3727 679 3802 remotissimos
716 3751 949 3824 componam,
989 3727 1122 3824 Appius
1159 3728 1285 3812 Cmeus

187 3848 380 3924 orationem
402 3849 450 3924 de
476 3851 613 3950 Pyrrho
641 3875 674 3924 a.
701 3853 745 3924 U.
775 3853 846 3928 tta
871 3851 1021 3939 habuit,
1046 3853 1093 3945 Q.
1122 3853 1285 3926 Aurelius

188 3971 417 4066 Symmachus
431 3961 597 4051 actiones
607 4000 686 4048 suas
701 3974 845 4072 reliquit
858 3976 961 4048 initio
983 3974 1092 4070 seouli
1108 3976 1287 4050 uudeoimi

189 4094 294 4175 Urbis
315 4098 449 4187 Romae,
471 4115 600 4195 quarto
616 4115 695 4196 post
713 4099 905 4174 Christum.
934 4101 989 4170 Sic
1009 4123 1072 4193 per
1088 4125 1150 4174 sex
1166 4099 1285 4172 seoulo
