3200 5344
861 400 926 476 ttt

351 539 448 602 tionis
461 537 621 600 admodum
636 547 682 600 est
704 535 864 640 obscurus,
886 549 977 618 atque
995 537 1198 622 supplendum
1216 547 1291 620 puto
1316 538 1444 596 Dieram

352 642 497 699 dictarum
511 638 548 695 de
556 619 777 697 consulatuum
792 636 882 697 uber.
897 640 1100 702 Accusatores
1115 639 1220 720 plures
1233 637 1372 714 fuerunt,
1385 656 1447 698 non

353 757 444 810 unus,
460 749 495 795 ut
508 755 546 796 ex
560 731 742 814 fragmentis
756 738 951 834 apparente
965 734 1130 820 probabile
1146 751 1205 813 est,
1218 736 1368 800 Catonem
1382 755 1450 797 ora·

351 839 470 912 tiones,
495 833 602 900 diebus
616 835 706 898 dictis
720 856 778 918 pro
793 857 826 900 sc
839 833 1007 914 habitas‚'
999 857 1033 900 1n
1049 858 1111 900 uno
1126 839 1206 903 libro
1222 840 1368 902 collectas
1387 837 1447 898 edi-

352 937 444 1000 disse
464 931 631 1023 [Similiter
646 933 783 1017 conjecit
806 939 899 1000 etiam
913 939 1052 1004 Bolbnis.
1071 961 1104 1021 p
1123 939 1181 1002 102
1198 960 1259 1021 sq„
1279 951 1351 1022 apte
1369 935 1449 999 Festi

350 1035 451 1097 locum
479 1049 742 1104 commemorans,
759 1053 791 1097 r.
816 1034 1038 1116 Rectofmnta,
1060 1032 1115 1098 ubi
1131 1037 1307 1098 dissertatio
1321 1047 1448 1096 vocatur

351 1131 403 1194 bic
417 1127 526 1220 liben]
546 1133 577 1192 ls
595 1130 779 1192 continebat
796 1149 902 1192 ornnes
928 1133 1076 1208 actiones,
1103 1129 1213 1216 quibus
1233 1133 1271 1194 de
1290 1132 1448 1194 consulatu

351 1247 417 1304 sno,
434 1229 472 1289 de
487 1228 704 1309 proconsulatu
715 1223 750 1288 in
765 1229 924 1310 Hispania,
941 1231 979 1291 de
993 1229 1076 1310 bello
1090 1231 1237 1291 adversus
1248 1227 1446 1298 Antiochum,

353 1345 412 1407 quo
426 1337 565 1406 tempore
578 1323 679 1386 suerat
688 1325 819 1402 legatus,
836 1338 867 1387 et
881 1327 919 1387 de
936 1345 1068 1390 censura
1089 1346 1145 1390 sua
1157 1327 1191 1390 in
1200 1321 1351 1408 judicium
1362 1345 1448 1386 voca·

276 1499 278 1503 ,
352 1435 402 1484 tus
411 1423 565 1483 rationem
579 1421 724 1482 reddidit.
742 1421 897 1484 Weberus
905 1421 1068 1485 adnotavit
1081 1445 1112 1504 p.
1127 1423 1166 1485 25
1179 1444 1187 1484 t
1202 1448 1216 1479 ι
1232 1425 1280 1484 De
1290 1423 1447 1484 consulatu

353 1541 408 1581 sno
420 1520 526 1602 plures
540 1515 664 1580 videtur
684 1516 841 1580 orationes
854 1518 1007 1594 babuisse,
1025 1521 1135 1629 quibus
1150 1515 1447 1582 administrationem

353 1620 493 1680 muneris
504 1630 615 1682 contra
633 1615 826 1682 adversarios
846 1617 1035 1690 delenderct,
1053 1617 1114 1680 nisi
1129 1619 1209 1681 iorte
1221 1635 1269 1693 ea,
1295 1637 1386 1698 quam
1400 1619 1449 1678 ad-

353 1715 515 1778 versusC.
535 1715 673 1780 cassium
687 1714 914 1796 pronuntiarit,
930 1717 1037 1778 eadem
1052 1729 1112 1786 cst,
1128 1733 1195 1797 qute
1209 1712 1412 1798 simpliciter
1403 1733 1447 1774 m·

354 1813 505 1875 scribitur
522 1812 570 1873 De
584 1809 759 1876 consulatu.
769 1837 783 1870 s

586 2054 640 2115 68.
663 2067 772 2114 oacrio
794 2069 826 2112 ut
846 2070 876 2114 c.
899 2065 1058 2113 socrrcrun
1078 2068 1214 2114 niuniu.-

397 2262 511 2328 Catoni
526 2261 651 2325 censori
668 2280 737 2324 eam
750 2263 891 2324 vindicat
904 2261 1070 2328 Weberus.

396 2363 504 2422 Festus
522 2380 554 2421 v.
577 2359 753 2420 Nassiterna
771 2360 878 2422 :Cato
899 2358 932 2420 in
952 2380 989 2422 ea
1003 2359 1155 2435 oratione,
1178 2377 1268 2440 qnam
1281 2359 1450 2440 composuit

355 2457 389 2518 iu
403 2458 443 2539 Q
462 2456 530 2538 (sic)
543 2453 737 2538 Sulpicium:
754 2453 876 2537 Quoties
890 2458 959 2516 vidi
970 2458 1085 2528 trullas,
1105 2461 1290 2529 aestuemus,
1311 2470 1448 2534 pertusas

354 2555 485 2639 αᾳιιαὶιὲς,
506 2555 644 2614 matellas
656 2559 722 2615 siae
733 2559 829 2614 ausis.

392 2714 513 2783 trullas]
531 2711 667 2768 emendavi
694 2715 832 2789 vulgatum
852 2715 956 2769 trullas.
985 2715 1119 2788 Scaligero
1145 2715 1249 2788 placuit
1272 2716 1390 2771 tralleos.
1411 2717 1449 2766 De

427 2803 514 2874 priore
529 2801 612 2855 forma
625 2803 684 2856 vide
703 2803 893 2857 Schneidewin
904 2805 939 2858 ad
951 2805 1046 2857 Geton.
1060 2807 1100 2858 De
1112 2821 1141 2856 re
1154 2815 1223 2856 rust.
1236 2821 1295 2874 cup.
1321 2804 1354 2856 to
1365 2815 1393 2855 ct
1406 2803 1447 2852 tt.

426 2887 526 2940 Deinde
538 2887 604 2940 Cod.
613 2887 746 2960 perfines.

388 3035 552 3103 actitemus]
570 3054 624 3090 non
637 3037 806 3098 nasst'temas,
821 3049 853 3090 ut
865 3035 946 3090 codex
957 3057 965 3088 t
977 3037 1032 3091 vid.
1049 3037 1174 3090 Schneid.
1186 3037 1218 3090 ed
1231 3038 1353 3090 eumdem
1362 3038 1413 3090 loc.

548 3265 601 3331 69.
623 3286 732 3329 onirro
752 3265 818 3343 Qua
833 3288 872 3332 na
888 3289 1055 3334 iucuntnus
1069 3263 1260 3335 ruscnrmrmi.

398 3473 506 3533 Festus
521 3469 698 3532 :Probrum
710 3475 839 3552 virginis
850 3471 1004 3549 Vestalis,
1024 3488 1060 3536 nt
1077 3478 1179 3559 capite
1204 3474 1383 3560 puniretur,
1400 3477 1450 3537 nir

356 3571 409 3656 qui
422 3589 490 3632 carn
504 3565 731 3645 incestavisset,
754 3571 938 3634 verberibus
965 3588 1140 3650 necaretur,
1163 3575 1212 3636 lex
1234 3574 1297 3637 fixa
1316 3573 1350 3636 in
1371 3572 1450 3637 atrio

356 3671 535 3745 Libertatis,
553 3691 623 3732 eum
640 3672 743 3732 multis
763 3670 832 3734 aliis
851 3674 971 3752 legibus
984 3673 1130 3738 incendio
1145 3690 1327 3758 consumpta
1345 3690 1401 3748 est,
1417 3690 1451 3738 ut

282 3771 328 3852 78
356 3769 453 3832 aitM.
467 3768 543 3831 Cato
558 3771 591 3834 in
602 3788 639 3832 ea
654 3770 806 3842 oratione,
823 3791 888 3852 quae
898 3770 948 3834 De
957 3773 1121 3852 auguribus
1134 3774 1327 3839 inscribitur.
1337 3773 1451 3854 Adjicit

353 3887 483 3952 quoque,
500 3873 639 3948 virgines
655 3869 797 3931 Vestales
808 3871 976 3932 sacerdotio
989 3888 1205 3952 exauguratus.

389 4032 597 4102 Esaeguratas]
618 4031 691 4084 vitio
705 4033 895 4104 typographico
910 4034 939 4086 in
954 4035 1057 4088 Daccrii
1068 4035 1133 4090 edit.
1148 4041 1332 4089 exauctoratus
1344 4035 1450 4108 legitur,

424 4113 495 4184 quod
512 4115 579 4168 Lion
599 4116 762 4188 propagavit.
782 4117 958 4191 Exaugurarc
979 4133 1022 4173 est
1037 4121 1140 4191 privare
1156 4121 1272 4191 aliquem
1294 4120 1450 4178 merdotio.

423 4202 582 4254 Memoratur
595 4201 702 4255 thttca
714 4211 894 4275 exauguratus
908 4206 937 4258 in
949 4204 1045 4264 Orellii
1059 4207 1195 4280 Inscriptt.
1211 4227 1239 4265 n.
1252 4207 1331 4264 tuot.
