3218 5320
718 385 785 456 355

247 545 303 579 rum
312 529 369 598 ejas
383 525 506 586 mins‘strt',
521 523 658 578 Carsidius
670 524 797 577 Sacerdos
806 523 947 594 prudentiss
958 527 988 574 ut
1001 521 1027 574 in
1039 522 1149 576 inruho·
1157 523 1279 596 depota-

143 655 150 660 .
251 620 335 675 retur,
357 613 470 664 Pontius
492 611 664 683 Fregellanus
682 610 812 663 arnt‘lterct
829 606 941 661 onem
958 607 1131 669 senatorium
1148 615 1176 662 et
1191 609 1284 663 eadem

242 713 327 763 pmtoe
346 701 374 748 in
393 695 502 748 Letum
518 695 628 746 Balbum
645 695 833 754 decernuntur,
852 691 882 742 id
895 691 998 764 qur'slcm
1014 709 1031 742 a
1049 691 1204 758 letantibus,
1222 692 1285 766 quia

247 781 345 834 Bellus
358 779 430 834 troci
433 780 585 852 eloquentis
591 780 742 840 labebatur,
748 783 891 850 proneptes
897 756 1034 831 adveniret
1044 777 1164 830 rbsmrtes.

213 867 245 919 ld
252 869 348 920 accidit
360 884 384 920 a.
397 871 429 920 U.
448 869 508 932 789,
524 867 553 922 di
569 885 597 937 p.
612 866 679 918 Cbr.

486 1084 546 1158 Cl.
577 1085 622 1157 t.
649 1085 811 1156 Annaeus
837 1085 981 1160 Seneca.

220 1317 335 1382 Consul
350 1314 410 1380 suit
425 1315 571 1380 suffectus
584 1337 613 1378 a.
633 1311 672 1384 U·
691 1316 764 1382 814.

218 1413 351 1498 Quintil.
367 1417 407 1489 X,
438 1419 467 1492 l,
492 1415 551 1484 125
572 1417 645 1478 :Ex
659 1412 813 1480 industria
827 1411 980 1480 Sen'eeam
1000 1411 1036 1476 in
1060 1414 1146 1478 omni
1170 1433 1286 1494 genere

174 1519 359 1600 eloquentiae
373 1515 479 1580 distuli
494 1530 621 1600 propter
631 1518 788 1598 vulgatam
797 1517 874 1580 falso
888 1518 927 1579 de
942 1533 992 1582 me
1007 1516 1197 1600 opinionem,
1213 1517 1286 1598 quia

174 1620 325 1682 damnare
340 1639 410 1681 eum
420 1631 452 1679 et
462 1617 597 1686 invisum
613 1638 732 1700 quoque
747 1618 867 1682 babere
877 1639 945 1684 eum
961 1621 1109 1684 creditne.
1127 1619 1218 1700 Quod
1232 1637 1285 1680 ac

175 1717 256 1782 cidit
282 1717 371 1794 mibi,
394 1721 468 1782 dum
496 1731 680 1800 corruptum
693 1732 726 1782 et
739 1718 885 1784 omnibus
898 1719 984 1784 vitiis
1003 1721 1138 1789 fractum
1164 1718 1289 1784 dicendi

174 1837 272 1895 geum
286 1836 438 1878 revocare
458 1817 498 1878 ad
508 1816 670 1879 severiora
678 1813 799 1897 judicia
813 1819 981 1880 contendo.
997 1821 1075 1884 Tum
1089 1830 1192 1882 autem
1207 1817 1288 1879 solue

178 1911 230 1974 hio
242 1913 308 1974 lere
323 1909 356 1974 in
378 1913 521 1979 manibus
534 1911 778 1978 adoletcentium
787 1909 858 1976 luit.
875 1909 1054 1996 Quem‘non
1066 1914 1209 1998 equidem
1223 1931 1287 1976 om·

177 2009 253 2075 nino
278 2013 417 2076 conabar
439 2027 597 2090 excutere,
625 2017 679 2085 sed
692 2011 868 2104 potioribus
889 2013 1031 2096 praeferri
1053 2037 1117 2080 uon
1131 2013 1284 2083 sinebam,

177 2133 253 2196 quos
277 2115 330 2176 ille
353 2133 418 2178 non
448 2115 611 2180 destiterat
629 2115 799 2190 incessere,
824 2132 895 2178 oum
919 2112 1036 2178 diversi
1060 2113 1120 2178 eibi
1143 2111 1287 2176 ooneciue
1310 2101 1383 2179 ‘237

175 2215 312 2293 generis,
339 2214 464 2294 placere
477 2215 553 2278 sein
564 2215 698 2279 dicendo
710 2234 810 2296 paese,
828 2213 939 2294 quibua
955 2214 1000 2278 illi
1018 2215 1192 2297 placerent,
1206 2210 1282 2276 titt·

176 2312 277 2376 deret.
294 2311 450 2374 Amabant
465 2324 568 2374 autem
590 2333 660 2374 eum
681 2311 780 2390 magia
801 2327 894 2390 quatu
911 2308 1130 2386 imitabantur,
1147 2321 1284 2372 tantum·

175 2427 235 2490 que
251 2408 291 2470 ab
304 2430 341 2472 eo
357 2407 544 2484 defluebant,
559 2421 708 2490 quantum
722 2409 776 2470 ille
786 2409 825 2470 ab
842 2405 979 2490 inducie
993 2409 1211 2484 descenderat.
1223 2408 1286 2472 Sed

175 2509 320 2591 placebat
341 2523 472 2592 propter
490 2511 555 2572 sola
568 2507 657 2583 vitia,
670 2521 708 2572 et
721 2511 760 2571 ad
775 2530 811 2570 ea
829 2530 863 2572 ee
880 2509 1007 2590 quisque
1027 2509 1183 2591 dirigebat
1195 2507 1283 2572 elfin-

175 2609 291 2685 genda,
301 2625 368 2688 quae
384 2619 525 2688 poteram
540 2607 652 2668 deinde
661 2625 733 2668 cum
747 2626 780 2668 se
789 2609 925 2685 jactaret
940 2609 1047 2670 eodem
1062 2609 1158 2670 modo
1167 2607 1284 2676 dicere,

176 2701 329 2762 Senecam
342 2701 525 2762 infamabat.
553 2700 649 2780 Cujus
663 2714 695 2760 et
709 2701 813 2762 multae
828 2701 944 2782 alioqui
959 2717 992 2764 et
1011 2722 1133 2780 maante
1154 2704 1286 2764 virtutes

177 2800 312 2874 luerunt,
332 2800 492 2878 ingenium
508 2797 599 2864 tacite
619 2811 651 2864 et
669 2798 842 2881 copiosum,
863 2801 1031 2882 plurimum
1052 2803 1165 2875 studii,
1188 2803 1286 2864 multa

178 2899 284 2960 rerum
299 2897 435 2975 cognitio
452 2919 460 2958 ε
483 2898 516 2958 in
539 2917 598 2978 qua
614 2909 719 2958 tamen
734 2894 898 2978 aliquando
912 2897 951 2960 ab
966 2898 1026 2972 hie,
1050 2896 1160 2978 quibus
1184 2897 1285 2978 inqui·

177 2999 277 3060 rende
293 2998 430 3078 quedam
445 2997 622 3072 mandabat,
648 2998 793 3078 deceptus
807 3008 908 3061 eae...
925 2993 1089 3060 Tractanit
1106 2996 1200 3058 etiam
1222 3015 1284 3058 om·

176 3119 249 3162 nem
264 3097 329 3160 iere
344 3099 516 3164 studiorum
532 3100 707 3164 materiam.
724 3101 753 3162 N
755 3111 847 3160 amet
860 3103 1012 3162 oratmnes
1018 3099 1085 3182 ejus
1096 3111 1128 3160 et
1142 3112 1285 3180 poemata

177 3207 210 3256 et
222 3194 357 3276 epistole
367 3207 398 3256 et
413 3193 527 3276 dialogi
537 3195 735 3257 teramum...
753 3195 790 3256 ln
808 3191 1003 3276 philosophia
1017 3215 1127 3278 parum
1139 3195 1282 3274 diligens,

177 3296 319 3378 egregius
334 3309 438 3360 tamen
460 3293 792 3379 insectator-vitiorum
806 3292 877 3361 tuit.
894 3283 998 3360 Multae
1014 3293 1048 3358 in
1071 3315 1108 3362 eo
1132 3297 1284 3378 clareque

64 3425 66 3429 ·
177 3389 351 3468 sententiae,
367 3393 463 3456 multa
478 3391 574 3458 etiam
586 3415 705 3458 morum
720 3394 824 3474 gratia
838 3395 982 3474 legenda,
998 3391 1097 3472 sedin
1112 3394 1282 3475 eloquendo

176 3504 325 3572 corrupta
336 3491 495 3573 pleraque,
512 3505 646 3574 atqueeo
661 3492 936 3576 perniciosissima,
950 3493 1030 3574 quod
1045 3491 1208 3555 abundant
1220 3493 1284 3553 dul·

177 3590 267 3656 cibus
290 3590 388 3656 vitiis.
417 3595 519 3658 Vellee
539 3615 609 3658 eum
633 3589 687 3658 auo
711 3591 843 3675 ingenie
864 3591 998 3669 dirime,
1024 3594 1127 3658 alieno
1150 3589 1280 3673 juditio.

176 3694 272 3756 Multa
300 3694 460 3776 probanda
477 3695 512 3758 in
532 3714 580 3768 eo,
605 3697 700 3761 multa
726 3695 821 3758 etiam
845 3693 1140 3758 admirandeauntt
1165 3692 1282 3774 eligere

179 3793 270 3853 modo
284 3811 368 3856 curte
381 3792 433 3863 sit,
456 3794 536 3872 quod
551 3791 672 3854 uanam
698 3790 763 3874 ipse
776 3793 912 3858 fecisset.
928 3793 1032 3871 Digna
1046 3792 1130 3854 enim
1151 3789 1210 3852 tuit
1227 3791 1282 3852 illa

179 3899 301 3964 natura,
319 3905 386 3969 quae
401 3890 532 3952 meliora
542 3889 647 3964 vellet,
664 3907 742 3970 qne,
760 3893 841 3972 quod
854 3889 962 3964 voluit,
983 3887 1098 3955 olfecit.

211 4049 355 4120 dffderet]
376 4057 435 4106 Huc
458 4055 575 4126 pertinet
590 4057 617 4108 id
638 4055 708 4126 qnod
730 4055 877 4109 Suetonius
895 4069 984 4108 narrat
1005 4056 1034 4108 in
1059 4055 1166 4109 Nerone
1183 4053 1276 4106 cij:

254 4158 267 4184 u
276 4137 410 4193 liberates
424 4141 579 4214 disciplinas
594 4161 684 4196 omnes
698 4142 753 4194 sere
765 4161 831 4212 puer
845 4141 942 4214 attigit,
954 4141 999 4196 sed
1014 4161 1028 4193 a
1041 4139 1209 4214 philosophia
1218 4157 1279 4191 euin

247 4238 329 4280 mater
342 4229 445 4294 avertit,
461 4247 570 4282 monens
583 4229 743 4300 imperaturo
755 4229 910 4282 contrariam
925 4248 998 4294 csse;
1014 4248 1029 4282 a
1044 4228 1192 4300 cognitione
1206 4237 1278 4281 rete-
