3288 5344
698 465 744 538 69

173 601 312 666 moueris
323 599 513 676 libertatem,
527 601 680 666 Cicerone
690 601 882 677 defendente,
899 601 1092 682 impugnavit
1106 606 1141 667 P.
1161 603 1268 668 Serri·

173 703 227 774 lic,
245 702 305 782 Ap.
318 696 446 762 Claudio
457 700 542 764 Coss.
554 719 583 760 a.
598 698 670 760 674.
686 695 809 762 Titiniae
818 697 930 762 deinde
941 719 1011 762 eum
1020 699 1170 766 Cicerone
1182 701 1270 766 affuit
1355 701 1359 709 “

173 798 336 880 injudicio
355 798 477 880 privato
491 797 541 860 rel
562 797 706 873 merisne,
730 817 801 860 cnm
820 799 914 864 Curio
932 815 991 882 pro
1004 797 1137 882 petitore
1149 799 1269 865 diceret

171 899 242 962 Ser.
257 894 361 958 Nerio
375 892 451 978 (Cic.
469 897 558 958 Brut.
575 915 604 960 c.
618 895 680 980 60).
704 899 783 958 Nam
799 897 892 980 Oppii
910 916 1013 972 causa,
1027 914 1118 979 qnetn
1135 899 1270 964 monor

171 991 295 1066 Cicero,
306 1011 369 1054 non
382 992 477 1066 hunc,
489 995 543 1055 sed
555 994 598 1054 ll.
611 994 731 1056 Cottam
742 994 873 1056 fratrem
885 1007 1018 1078 spectat.
1035 993 1124 1057 Conf.
1135 995 1267 1077 Quintil.

172 1095 211 1166 V,
225 1089 277 1168 10,
291 1093 343 1165 59ς
364 1092 415 1167 13,
429 1091 489 1168 20;
511 1094 567 1164 xl,
588 1093 618 1168 1,
640 1091 693 1154 57.
718 1091 840 1157 Deinde
860 1095 921 1159 Cn.
942 1095 1136 1158 Dolabellam
1155 1094 1215 1158 Cn.
1231 1093 1274 1156 Fr

171 1201 285 1250 contra
297 1187 334 1252 C.
347 1189 496 1250 Quem
507 1187 643 1252 defendit
661 1209 692 1253 a.
705 1191 785 1265 6763
807 1209 897 1274 mem
916 1189 1042 1274 patroni
1062 1192 1271 1274 proponentis

174 1287 205 1350 vi
216 1289 278 1352 sibi
291 1287 371 1370 eripi
380 1287 483 1351 Caesar
497 1302 620 1372 questus
634 1302 694 1352 est.
715 1292 764 1354 De
776 1293 1060 1368 hacaccmationc,
1082 1311 1122 1354 nc
1141 1291 1182 1352 ab
1201 1289 1273 1354 aliis
1383 1364 1387 1376 Ι

173 1389 256 1452 diota
268 1402 454 1471 repetamus,
468 1391 507 1452 ad
518 1391 660 1470 Pigbinm
672 1392 756 1453 Anu.
769 1393 825 1469 111,
838 1411 870 1474 p.
883 1390 946 1456 280
960 1393 1032 1456 coll.
1046 1391 1120 1467 286,
1132 1393 1271 1471 relegan-

174 1487 376 1550 duodecimus
384 1487 525 1550 lectores.
542 1487 620 1552 Nam
629 1490 688 1552 fuit
698 1489 777 1552 alius
788 1491 962 1563 Dolabella,
974 1493 1010 1554 b
1021 1491 1057 1552 F.
1070 1494 1141 1552 all.
1152 1491 1271 1553 Scauro

171 1585 366 1649 adolescente
378 1587 550 1650 damnatus.
567 1590 723 1652 Praeterea
733 1589 834 1652 Cute
845 1590 907 1654 Pro
923 1592 959 1652 L.
971 1587 1098 1650 veterio
1109 1586 1193 1649 liber
1207 1586 1270 1668 pri·

174 1701 241 1744 mus
265 1681 428 1746 adducitur
451 1703 471 1744 a
491 1683 634 1748 Charisia
656 1686 701 1760 ll,
719 1704 752 1766 p.
766 1685 844 1763 1953
875 1705 965 1768 quern
985 1685 1149 1748 Veturium
1178 1679 1271 1744 fnisse

173 1779 346 1862 suspiceris,
371 1781 429 1844 nisi
449 1784 551 1862 gentis
566 1782 701 1870 Velm-ise
714 1801 752 1844 ec
770 1795 909 1865 tempore
929 1784 1078 1846 memoria
1100 1783 1153 1843 rix
1165 1799 1271 1862 snper·

172 1891 263 1942 esset.
289 1881 411 1944 Deinde
435 1883 626 1964 ctiathunc
638 1883 761 1946 Cottam
781 1881 900 1946 Veterii
920 1895 1088 1965 patronum
1107 1881 1200 1944 fuisse
1217 1881 1271 1941 du·

172 1973 270 2040 bituri
292 1989 403 2060 potest.
422 1975 512 2041 Dixit
531 1979 616 2040 enim
629 1977 742 2042 Cicero
755 1978 789 2040 in
802 1977 947 2042 Οιιιωιο.
971 1999 1000 2041 c.
1013 1979 1068 2056 38,
1084 1977 1162 2041 nihil
1175 1979 1274 2042 Cottas

171 2073 325 2155 scriptum
338 2091 485 2152 maneres
499 2087 535 2136 ut
547 2076 586 2136 de
597 2072 760 2136 Messalino
778 2074 882 2146 Cotta,
894 2073 1025 2138 Corvini
1041 2075 1117 2150 filio,
1135 2071 1272 2154 cogitare

173 2172 348 2236 adduceris.
365 2173 427 2236 Sed
436 2175 504 2236 haec
515 2187 581 2237 tota
594 2173 729 2236 incerta.
749 2173 932 2239 Orationem
943 2174 1042 2238 Cotue
1059 2175 1093 2236 in
1111 2175 1273 2236 consulatu
1362 2219 1363 2224 η

173 2269 255 2349 apud
273 2269 451 2333 Sallustium
470 2272 638 2333 secundnm
652 2272 721 2334 veri
742 2272 897 2352 quandam
917 2269 1150 2334 similitudinem
1168 2270 1274 2334 fictam

173 2379 496 2430 eseceonsentaneum
507 2381 566 2430 est.
593 2369 670 2452 Qnae
689 2369 787 2432 Cottae
806 2366 1049 2444 inscribebatur,
1074 2371 1143 2449 lege
1157 2368 1270 2446 Varia,

171 2483 274 2528 cama
287 2467 327 2537 L,
339 2465 418 2531 AElio
436 2463 534 2528 Cottae
554 2481 665 2548 rogatu
679 2467 880 2550 compositam
900 2469 997 2532 refert
1011 2467 1122 2532 Cicero
1134 2471 1222 2530 Brut.
1240 2481 1270 2531 ο.

172 2563 225 2638 56,
238 2563 312 2626 205.
330 2561 383 2650 [V.
395 2563 436 2626 fr.
450 2585 482 2646 p.
499 2563 557 2627 153
569 2562 633 2651 sap]
644 2595 686 2611 ν·-
699 2562 754 2626 llis
768 2565 812 2627 ita
825 2568 945 2649 positis,
962 2567 1100 2648 locisque
1114 2563 1148 2628 in
1163 2563 1273 2648 primis

172 2661 388 2727 Ciceronianis
400 2667 597 2750 comparatis,
610 2668 648 2728 de
657 2667 750 2730 Cotta
765 2677 890 2729 oratore
903 2667 995 2730 facilc
1010 2668 1072 2728 crit
1082 2667 1269 2730 adsumere.

173 2764 333 2826 Summum
348 2763 399 2826 vel
420 2765 504 2826 inter
523 2781 660 2828 summm
677 2763 840 2842 equalium
857 2776 1018 2826 oratorum
1036 2763 1128 2826 fnisse
1143 2776 1273 2826 testatur

173 2863 240 2926 Cic.
252 2866 341 2926 Brut.
355 2883 383 2926 c.
398 2865 451 2936 55,
470 2866 549 2944 Epp.
565 2861 605 2922 ad
615 2863 683 2922 htt.
694 2858 771 2936 ΧΠ,
785 2859 838 2932 20,
853 2877 1020 2942 paremque
1033 2862 1148 2924 cesari
1163 2876 1194 2922 et
1207 2863 1273 2926 Sul·

173 2957 256 3042 pieio
274 2959 415 3022 habitum
434 2957 585 3021 decorius
599 2953 711 3018 scribit
728 2955 769 3018 ad
784 2953 910 3018 Cornel.
925 2978 957 3038 p.
975 2955 1015 3016 56
1029 2958 1080 3018 ed.
1092 2957 1190 3021 Orcll.
1214 2958 1274 3020 Sed

173 3057 316 3138 quamuis
329 3071 419 3121 acuto
431 3055 600 3131 inveniret,
616 3054 816 3136 limatumque
829 3051 954 3117 dicendi
968 3073 1067 3136 genus
1081 3069 1274 3118 consectare·

175 3166 237 3228 tur,
253 3153 294 3216 ob
312 3153 445 3216 laterum
462 3151 713 3226 infirmitatema
733 3151 933 3216 contentione
954 3152 1113 3216 obstinere
1133 3165 1270 3227 coactus,

173 3250 216 3312 ab
233 3249 400 3314 Hortensio
420 3249 612 3313 adolescente
630 3250 849 3332 superabatur,
866 3250 1005 3331 quamne
1018 3247 1144 3314 nomine
1158 3251 1273 3333 primas

173 3363 282 3428 egeret
295 3350 329 3412 in
341 3346 467 3432 judiciis
485 3348 591 3432 (Brut.
608 3369 636 3413 o.
651 3349 720 3428 92).
743 3345 831 3412 Nihil
847 3345 933 3412 enim
945 3349 1043 3426 dixit,
1057 3351 1140 3432 quud
1154 3353 1272 3430 grande

172 3461 253 3510 esset
265 3461 299 3509 ct
311 3446 437 3522 elotum,
454 3446 535 3508 unde
548 3447 683 3522 Atticus,
698 3447 733 3510 in
750 3447 848 3510 Bruto
864 3445 910 3530 (c.
929 3443 989 3531 86)
1011 3445 1148 3512 censuris
1167 3460 1272 3529 partes

173 3563 268 3624 agens
280 3563 344 3608 non
357 3540 619 3608 sane‘hcnorilice
632 3545 671 3607 de
685 3543 750 3626 ejus
762 3543 938 3626 eloquentia
951 3541 1117 3607 existimat.
1135 3545 1269 3616 Tamen,

173 3659 207 3707 ut
218 3645 419 3720 Hortensius,
441 3664 500 3728 per
511 3639 771 3728 aliquod'tcmpus
785 3643 957 3726 oxanplnm
971 3643 1119 3708 Ciceroni
1131 3640 1193 3704 fuit
1203 3643 1270 3704 imi·

172 3739 284 3826 rationi
298 3743 501 3826 propositam.
527 3743 615 3808 Artis
628 3755 731 3808 antem
755 3755 788 3804 et
807 3741 841 3804 in
860 3742 1000 3806 oratoria
1012 3741 1160 3804 facultate
1178 3759 1272 3824 expo·

173 3839 288 3918 lienda,
302 3854 335 3906 et
344 3843 380 3906 in
389 3843 517 3925 reliquis
528 3841 710 3926 disciplinis,
722 3842 757 3904 in
774 3839 884 3925 primis
898 3841 1100 3926 philosophia,
1114 3839 1272 3923 accipian·

175 3941 238 4017 dis,
264 3941 410 4024 cupidum
431 3940 540 4016 fuisso,
564 3943 645 4005 haud
668 3938 920 4024 improbabiliter
943 3937 1112 4011 existimes.
1139 3943 1218 4004 Nam
1240 3953 1272 4002 ct

172 4035 364 4117 dialogorum
376 4039 424 4102 Dc
434 4051 561 4104 oratore
572 4039 676 4121 capita
687 4036 808 4104 aGotta
815 4057 882 4102 sese
895 4037 1049 4120 accepisse
1059 4036 1172 4102 Cicero
1183 4035 1272 4102 linxit

171 4135 293 4214 (1,88;
319 4137 378 4212 111,
399 4134 436 4220 l)
455 4148 489 4200 et
508 4135 699 4200 Academiam
711 4148 803 4198 secte
820 4133 945 4218 placitis
956 4133 1106 4216 imbutum
1120 4131 1211 4198 libris
1223 4135 1271 4196 De

175 4245 286 4299 natura
301 4239 434 4300 deorum·
445 4239 590 4316 ostendit,
604 4258 674 4302 cum
685 4239 813 4322 Epicuri
829 4251 860 4301 et
875 4239 1008 4303 Zenonis
1023 4252 1177 4322 praecepta
1190 4235 1268 4304 refu·
