3218 5320
667 398 688 438 ⁶
858 407 931 482 sto

385 550 433 610 lb.
457 571 487 624 c,
507 547 559 621 90,
576 546 637 610 308
653 567 662 608 2
683 546 849 612 Oratorem
870 563 923 610 aut
938 544 1070 612 interitu
1085 555 1138 606 aut
1151 539 1288 608 discessu
1302 557 1355 609 sut
1367 549 1435 628 lugu

344 645 434 730 (uam
452 647 584 709 oberunt
601 645 695 708 etiem
720 647 929 710 adolescentes
946 649 989 710 Μ.
1010 643 1142 710 Crassus
1164 649 1198 708 et'
1220 645 1345 708 botuli
1364 649 1437 731 duo)

342 743 460 830 primas
473 749 507 808 in
522 746 625 809 causis
639 747 753 827 agebat
764 745 959 811 Hortensius.
1285 734 1289 740 ¹

384 843 556 907 Exstebant
576 843 733 908 orationes
748 843 806 907 Cu.
824 859 857 907 et
868 848 905 909 P.
921 845 1122 908 lentulorum
1138 843 1174 904 in
1184 840 1322 906 Muciani
1336 848 1437 926 opere,

341 953 376 1002 ut
389 959 427 1001 ex
441 939 566 1019 Dialogi
577 941 616 1003 de
633 953 728 1004 orett.
744 941 793 1003 bis
804 941 869 1022 jam
887 943 1010 1004 laudato
1023 941 1092 1005 loco
1102 940 1259 1002 discimus.
1274 940 1352 1003 Cum
1366 961 1438 1003 uero

341 1040 375 1102 in
387 1040 516 1119 Dialogo
532 1039 762 1118 decretoribus
771 1041 917 1104 universe
924 1030 1127 1104 batulorum‘
1135 1038 1188 1100 fiat
1198 1039 1328 1114 mentio,
1345 1061 1438 1122 euque

341 1159 418 1218 gens
435 1159 583 1220 magnum
599 1155 758 1205 oratorum
773 1161 935 1204 numerum
949 1139 1068 1212 tulerit,
1084 1141 1181 1222 queri
1194 1153 1307 1222 potest,
1323 1142 1374 1223 qui
1388 1161 1439 1221 po·

341 1239 491 1304 tissimum
509 1242 572 1304 sint
587 1243 794 1328 intelligendi,
823 1241 994 1326 prmertim
1020 1261 1092 1302 cnm
1106 1243 1139 1304 in
1159 1245 1258 1304 Bruto
1281 1241 1444 1304 Ciceronis

341 1361 371 1402 c.
389 1341 441 1417 ll,
460 1341 535 1416 268,
549 1343 603 1404 ulii
625 1342 719 1406 etiam
738 1345 798 1406 duo
813 1343 947 1411 Lentuli,
970 1343 1008 1404 P.
1025 1343 1173 1404 Lentulus
1190 1343 1341 1426 Spinther
1358 1353 1389 1402 et
1402 1343 1440 1402 L.

340 1437 489 1500 lentulus
523 1439 698 1502 Cruscellus
725 1453 979 1502 recenseanturt
1008 1451 1147 1503 attamen
1172 1439 1242 1500 illos
1269 1439 1443 1517 intelligere

341 1535 458 1606 malim,
480 1555 555 1618 quos
572 1556 667 1620 supra
691 1533 768 1611 dixi,
796 1557 866 1600 cum
880 1535 1030 1618 majorem
1045 1533 1230 1618 eloquentius
1252 1534 1367 1598 famam
1380 1536 1444 1597 siut

342 1633 510 1696 consecuti.

425 1779 429 1782 ’
479 1795 645 1867 LXXVII
664 1810 699 1867 et
717 1795 916 1868 LXXVIII.
945 1797 985 1866 L.
1014 1811 1050 1867 et
1073 1801 1125 1868 M.
1153 1793 1304 1868 Luculli.

381 1999 450 2064 Cic.
464 2004 550 2062 Brut.
567 2021 598 2064 c.
613 2004 665 2079 62,
682 2003 756 2065 222:
775 2004 812 2064 L.
825 2001 990 2064 Lucullum
1002 2001 1097 2064 etium
1112 2011 1236 2064 acutum
1246 2011 1438 2063 oratorem...

342 2107 375 2158 et
388 2097 431 2158 Μ.
452 2098 651 2160 Lucullum...
673 2099 862 2160 abducemus
876 2118 915 2162 ex
929 2095 1009 2174 acie,
1035 2099 1067 2160 id
1091 2111 1149 2174 est,
1169 2117 1189 2158 a
1209 2095 1336 2180 judiciis
1355 2109 1386 2158 et
1407 2093 1440 2158 iu

339 2194 488 2276 presidiis
502 2196 693 2278 reipublice,
717 2197 768 2258 cui
786 2193 876 2259 tacite
892 2195 1072 2259 satisfacere
1091 2193 1221 2279 possint,
1244 2195 1440 2258 collocemus.

249 2275 314 2348 193
380 2292 416 2352 L.
431 2285 570 2352 Licinius
591 2293 739 2353 Lucullus
759 2293 867 2353 consul
885 2291 942 2353 luit
964 2313 993 2354 a.
1017 2291 1090 2368 678,
1103 2310 1246 2373 annoque
1267 2287 1438 2374 insequenti

342 2386 441 2452 frater
452 2388 530 2470 ejus,
542 2391 585 2452 M.
598 2387 764 2454 Terentius
773 2393 876 2454 Varro
886 2391 1044 2454 Lucullus.

386 2486 426 2546 In
444 2504 539 2567 opere
559 2483 695 2550 Muciani
716 2488 913 2552 Lucullorum
933 2508 1052 2576 quoque
1070 2488 1229 2552 orationes
1248 2485 1437 2568 legebantur,

342 2591 377 2640 ut
390 2577 523 2646 vidimus
536 2585 570 2646 in
584 2585 653 2649 loco
666 2581 791 2668 Dialogi
805 2585 843 2648 de
857 2596 951 2648 orutt.
970 2631 981 2660 ,
997 2605 1087 2667 quem
1099 2585 1133 2647 in
1151 2585 1209 2646 Cu.
1222 2583 1367 2668 Pompeio
1378 2584 1437 2646 lau·

343 2673 493 2741 desimus.

501 2873 670 2948 LXXIX.
697 2874 739 2946 P.
759 2873 969 2949 Cominius.
990 2873 1048 2972 (Et
1060 2873 1100 2944 T.
1115 2871 1282 2970 Accius.)
1407 2886 1409 2893 '

312 3104 333 3146 ⁶
384 3108 452 3171 Cic.
473 3109 562 3168 Brut.
589 3128 618 3170 c.
638 3111 697 3184 78,
716 3111 798 3173 271ε
822 3112 871 3173 Ne
895 3109 952 3174 hos
976 3106 1100 3191 quidem
1122 3109 1242 3191 equites
1264 3109 1434 3184 Romanos,

342 3206 458 3268 amicos
471 3219 595 3270 nostros
609 3207 795 3296 (pretereo),
812 3210 865 3292 qui
877 3229 977 3294 nuper
989 3210 1105 3274 mortui
1118 3223 1200 3282 sunt,
1217 3209 1253 3272 P.
1264 3207 1437 3277 ¹Cominium

341 3297 545 3384 Spoletinum,
558 3325 619 3388 quo
630 3323 792 3366 accusante
803 3305 927 3370 delendi
941 3307 980 3370 C..
992 3308 1176 3384 Cornelium,
1190 3307 1224 3370 in
1238 3325 1297 3389 quo
1313 3317 1346 3368 et
1360 3324 1436 3371 com·

341 3399 475 3485 positum
489 3401 615 3470 dicendi
628 3425 724 3486 genus
737 3419 770 3470 et
783 3427 857 3472 ecre
871 3423 904 3471 et
918 3409 1093 3492 expeditum
1107 3408 1181 3470 luite
1197 3411 1234 3470 Τ.
1248 3409 1379 3472 Accium
1390 3403 1438 3467 Pi·

342 3521 528 3580 saurensem,
542 3503 630 3587 cujus
642 3511 832 3568 accusationi
838 3505 988 3591 ,respondi
1000 3527 1059 3590 pro
1069 3509 1116 3570 A.
1135 3507 1279 3569 Cluentio.

384 3603 536 3666 Asconius
555 3605 594 3666 ed
612 3604 703 3670 Oret.
716 3603 817 3668 Cicer.
837 3625 895 3689 pro
912 3606 1059 3670 Cornelio
1079 3604 1114 3668 in
1132 3610 1324 3686 Argumeuto
1343 3625 1376 3688 p.
1395 3605 1434 3668 62

343 3701 393 3762 ed.
405 3699 503 3764 Orell.
514 3724 523 3764 r
534 3703 651 3768 ,Exstat
664 3705 764 3768 oratio
778 3703 913 3770 Cominii
926 3707 1125 3783 accusatoris,
1148 3727 1240 3788 quum
1257 3725 1379 3768 sumere
1398 3701 1433 3769 iu

346 3815 458 3858 manus
472 3811 519 3861 est
532 3783 656 3882 aiiquod
669 3821 770 3885 operoe
783 3803 927 3886 pretium,
944 3824 1007 3866 nou
1025 3805 1123 3866 solum
1140 3816 1268 3888 propter
1278 3802 1435 3867 Ciceronis

343 3897 511 3974 crationes,
526 3921 601 3982 ques
614 3922 673 3985 pro
684 3902 829 3968 Cornelio
841 3905 1000 3982 habemus,
1016 3905 1176 3968 sedetiam
1189 3915 1437 3990 proptersemet·
1476 3929 1494 3971 c

343 3993 453 4080 ipsum.
678 4029 681 4036 v
1301 4021 1305 4031 ’
1480 4017 1483 4026 ’

379 4137 462 4187 cratis
471 4133 594 4204 Cominio]
604 4141 691 4212 recepi
700 4137 876 4212 conjecturum
886 4141 991 4195 Orellii.
1003 4141 1092 4216 Vulgo
1102 4139 1215 4196 absurde
1225 4147 1310 4196 oratio
1320 4140 1439 4194 horunc.

413 4221 551 4277 Cominius
562 4227 693 4280 accusavit
703 4227 858 4281 Cornelium
866 4245 890 4281 e.
902 4230 963 4282 688.

1268 4343 1290 4384 e
