3200 5344
866 418 932 490 188

323 587 418 666 fiendi
427 585 559 664 pupillos
577 606 670 669 quom
680 585 824 644 clientem
838 605 896 644 non
899 585 1027 665 fhllerc.
1052 585 1206 650 Adversus
1216 599 1359 666 cognatos
1369 607 1429 664 pto
1520 599 1523 610 '

333 686 443 764 cliente
456 693 581 745 testatur
587 708 603 759 ‚·
617 688 830 746 testimonium
845 688 990 746 adversus
1012 685 1149 744 cli'entem
1164 705 1257 745 nemo
1270 687 1343 745 dicit
1354 712 1363 744 .·
1374 708 1430 764 pu-

332 801 414 846 trem
422 789 578 864 primum,
590 799 698 863 postca
710 799 875 862 patronum
888 789 1073 863 proximum
1086 804 1198 844 nomen
1212 783 1337 845 babere.

368 923 442 994 opud
451 929 584 990 censores]
603 923 671 976 Cum
684 934 757 974 tutor
769 919 903 994 pupilium
918 919 1028 973 fallebat
1040 899 1087 972 out
1103 919 1226 976 clientem
1242 932 1370 994 patronus
1382 923 1429 975 de-

406 1006 521 1068 serebat,
539 1025 662 1060 censores
675 1025 720 1060 eos
738 1006 842 1059 aerumos
860 1005 990 1060 fecerunt.
1003 1003 1133 1064 Niebuhr.
1151 1006 1222 1060 Hist.
1235 1006 1313 1060 Rom.
1327 1007 1428 1071 v01.11,

401 1112 430 1165 p.
455 1091 506 1145 tto
520 1091 564 1145 ed.
582 1110 637 1145 sec.
658 1091 780 1158 [Initium
797 1091 938 1163 fragmenti
956 1089 1034 1144 uobis
1053 1089 1091 1142 ita
1114 1091 1284 1146 scribendum
1303 1093 1427 1146 videtur:

403 1178 471 1244 Qum
482 1179 590 1248 mtqores
610 1173 725 1228 sanctim
746 1174 854 1228 mouere
874 1192 942 1236 oum
961 1172 1068 1232 defendi
1071 1173 1199 1245 pupillos,
1212 1193 1291 1246 quum
1309 1176 1424 1230 clientem

329 1292 331 1296 ι
412 1277 462 1311 non
469 1259 594 1332 saliere?
609 1257 687 1328 Quod
704 1261 839 1328 sequeutia
850 1258 997 1332 postulant.
1012 1261 1072 1314 Jam
1090 1257 1210 1312 videmus
1221 1259 1259 1311 itu
1270 1259 1434 1331 propositum

410 1361 469 1397 esse
481 1361 524 1415 ap.
537 1344 655 1396 Gronov.
660 1382 667 1406 ‚
680 1343 778 1396 Jacobo
790 1343 889 1396 frustra
900 1341 1091 1415 obloquente]

334 1547 337 1556 γ
374 1467 484 1538 habere]
501 1466 680 1540 supplendum
691 1474 801 1538 oportet.
813 1468 891 1534 [Sive
903 1469 994 1540 potius
1004 1470 1187 1535 simutant}
1217 1544 1221 1552 .

379 1587 528 1680 [Boihuis.
545 1615 577 1676 p.
593 1594 672 1656 1272
686 1620 701 1651 ι
715 1595 771 1656 Cna
786 1595 964 1654 Cornelium
978 1595 1140 1655 lentulum
1154 1605 1307 1661 memorat
1316 1595 1432 1664 Livius,

332 1715 403 1757 oum
415 1693 485 1757 aliis
495 1695 583 1771 locis,
593 1707 657 1756 tum
666 1696 766 1770 xxlt,
780 1696 833 1771 49,
845 1707 877 1756 et
888 1694 1038 1771 xxxin,
1053 1695 1106 1769 27,
1120 1716 1181 1777 quo
1193 1695 1262 1759 loco
1273 1697 1433 1770 docemur,

333 1815 404 1857 eum
422 1809 495 1882 ante
516 1793 731 1878 Sempronium
746 1797 932 1860 Tuditanum
951 1795 1130 1860 citeriorem
1147 1796 1330 1880 Hispaniam
1354 1797 1432 1859 obti-

331 1893 456 1954 nuisse:
472 1894 554 1956 uude
567 1893 700 1975 suspicio
715 1893 794 1956 forte
809 1893 887 1957 oriri
902 1906 1005 1976 queat,
1029 1893 1063 1954 in
1079 1914 1150 1956 eum
1164 1895 1247 1958 hanc
1260 1895 1436 1956 orationem

332 1991 448 2054 dictam
461 1991 586 2062 finissea
603 1992 734 2066 Catone,
752 1991 805 2075 qui
822 1993 976 2076 Hispanos
991 2007 1148 2076 tamquam
1162 1995 1308 2058 clientem
1329 2009 1433 2078 patro·

332 2112 400 2169 nus,
423 2091 505 2155 tueri
520 2091 647 2157 solebat.
668 2093 784 2157 »Cori
807 2094 889 2155 inira
903 2093 936 2154 in
951 2115 985 2154 n.
1003 2090 1071 2184 83]
1100 2169 1104 2176 .

377 2295 428 2357 te.
453 2313 581 2371 orario,
607 2316 645 2369 uu
666 2315 819 2358 iurumuu
841 2316 886 2358 sir
907 2318 1035 2372 varam,
1061 2318 1109 2358 uer
1131 2317 1225 2360 novos
1247 2295 1386 2360 uuuiir'.

370 2469 493 2538 Gellius
506 2473 577 2543 XX,
594 2472 632 2534 2:
649 2469 792 2534 Siticines
805 2472 957 2556 scriptum
971 2485 1019 2536 est
1033 2475 1068 2536 iu
1082 2475 1223 2538 oratioue
1232 2477 1275 2536 Μ.
1291 2475 1430 2547 Catonis,

327 2591 401 2654 ,quae
411 2569 608 2644 inscribitur,
629 2571 674 2634 Nc
687 2577 852 2651 imperium
862 2578 900 2634 sit
914 2579 1025 2648 veteri,
1040 2574 1093 2634 ubi
1106 2595 1198 2638 novics
1214 2579 1352 2636 venerit.-
1362 2571 1430 2634 Siti·

334 2678 431 2748 cines,
445 2673 558 2756 inquit,
575 2689 605 2734 ct
619 2673 749 2736 liticines
763 2690 793 2734 et
804 2675 964 2737 tubicines,
1116 2683 1119 2688 '

370 2809 510 2880 St'tt'ctitet]
526 2833 541 2862 e
551 2810 687 2884 appellati,
697 2813 743 2882 qui
753 2812 824 2884 apud
833 2811 896 2866 sitos
906 2831 1000 2868 canere
1013 2814 1086 2868 soliti
1097 2827 1170 2879 suut,
1185 2815 1235 2868 hoc
1243 2828 1294 2880 ost,
1308 2815 1362 2868 vita
1373 2813 1435 2866 fuu-

406 2907 463 2950 otoa
473 2895 666 2967 etsepultom
676 2895 746 2949 Gell.
762 2899 831 2950 Nam
840 2896 890 2952 siti
903 2896 1030 2951 dicuutur
1045 2898 1075 2962 ii,
1089 2899 1135 2968 qui
1146 2899 1248 2952 conditi
1261 2911 1335 2964 sunt,
1353 2911 1384 2950 ut
1396 2899 1433 2950 ait

405 2979 462 3034 Cio.
477 2979 516 3032 De
530 2978 599 3050 legg.
614 2978 649 3042 ll,
671 2980 713 3044 22,
729 2980 795 3049 §ot
825 3055 827 3060 Ι

263 3154 306 3232 81
508 3171 557 3230 79.
585 3189 694 3234 onemo
708 3193 763 3234 aro
778 3195 805 3234 ι.
824 3191 914 3234 rouro
929 3192 1043 3235 couraa
1057 3193 1108 3236 cu.
1125 3193 1271 3236 oumruu.

382 3344 556 3407 Weichert.
576 3346 611 3408 in
630 3347 780 3430 Reliquiis
792 3363 953 3431 poetarum
967 3349 1049 3412 Latii
1062 3369 1095 3434 p.
1112 3351 1150 3412 st
1162 3351 1247 3412 hunc
1264 3349 1300 3412 L.
1312 3347 1438 3410 Turium

340 3444 508 3509 memorari
524 3443 679 3526 judicavit
699 3448 733 3509 iu
754 3449 850 3512 Bruto
872 3445 1034 3513 Ciceronis
1049 3470 1078 3512 c.
1092 3449 1151 3512 67:
1168 3449 1206 3510 L.
1223 3441 1336 3508 Turius
1346 3468 1441 3528 parvo

340 3551 477 3628 ingenio,
493 3549 549 3607 scd
559 3548 653 3610 multo
669 3548 787 3625 labore,
803 3572 927 3636 quoquo
944 3553 1036 3610 modo
1046 3567 1178 3632 poterut,
1202 3571 1285 3631 coepe
1306 3548 1440 3621 dicebat,

338 3647 440 3729 itaque
453 3649 486 3705 ei
495 3665 606 3725 paucos
620 3652 765 3708 centuriae
781 3651 823 3707 od
835 3649 1026 3708 consulatum
1045 3649 1214 3730 defuerunt.
1240 3645 1303 3711 sed
1316 3665 1442 3724 vereor,

339 3761 381 3804 ue
393 3742 503 3805 falsam
515 3741 694 3826 opinionem
704 3745 870 3827 protulerit
880 3747 930 3808 vir
943 3725 1146 3808 doetissimus.
1157 3745 1238 3808 Nam
1249 3765 1320 3807 cum
1329 3743 1445 3807 Cicero

339 3836 386 3900 ibi
398 3837 525 3902 Tauium
540 3862 611 3903 cum
625 3843 667 3902 M.
681 3842 806 3915 Pisone,
819 3843 855 3903 P.
867 3843 1010 3918 Murena,
1021 3842 1059 3906 C.
1072 3842 1256 3918 Censorino,
1269 3841 1307 3906 C.
1320 3843 1440 3917 Macro,

341 3939 377 4003 C.
391 3939 504 4003 Pisone
518 3955 550 4004 et
559 3945 597 4006 L.
608 3944 764 4024 Torquato
776 3944 955 4022 contulerit,
968 3945 1020 4026 qui
1030 3963 1137 4008 omnes
1148 3937 1341 4008 aCicerouis
1351 3954 1445 4004 aetato

341 4039 483 4121 proxime
497 4039 621 4117 absunt,
636 4039 705 4103 fiori
728 4061 791 4104 non
812 4053 927 4123 potest,
948 4057 983 4104 ut
1002 4043 1083 4104 idem
1099 4040 1213 4105 Turius
1233 4038 1441 4135 significetur,

340 4157 401 4220 pro
420 4158 480 4219 quo
495 4137 570 4202 Cato
590 4139 701 4221 major,
719 4142 769 4222 qui
785 4162 813 4202 a.
826 4145 866 4208 U.
882 4141 943 4222 604
958 4142 1047 4214 obiit,
1063 4143 1151 4216 dixit,
1176 4143 1350 4226 presertim
1371 4161 1445 4202 cum

342 4237 376 4300 in
387 4238 440 4303 illo
451 4257 544 4323 opere
555 4241 599 4304 sio
611 4256 750 4305 vorsatus
764 4243 804 4305 sit
815 4239 938 4316 Cicero,
950 4258 984 4304 ut
996 4256 1134 4315 oratores
1147 4243 1282 4323 singulos
1292 4255 1443 4305 accurato
