3218 5320
422 419 433 448 ι
675 389 744 460 339

111 549 112 559 ’
202 531 250 592 Ex
262 531 312 592 bis
325 528 461 608 intelligi
472 539 584 610 potest,
602 547 659 592 car
673 525 800 593 Asinius
814 526 914 591 Pollio
930 527 965 588 in
980 545 1070 590 musa
1085 527 1264 595 Urbiniana

161 627 341 703 Labienum,
369 627 546 708 petitorem,
567 625 651 686 inter
675 636 858 703 argumente
885 625 973 686 malae
999 643 1097 688 eausa
1115 628 1263 707 posuerit,

160 738 195 786 ut
209 726 290 806 apud
311 724 444 806 Quintil.
467 725 524 794 lv,
554 725 582 797 1,
606 723 658 799 11,
684 724 839 802 legimus:
864 721 992 786 «Etiam
1008 723 1266 806 pertisjatlrerste

161 841 311 909 patronus
327 825 417 886 dabit
441 823 567 887 exordio
595 825 770 899 materiam,
800 821 929 886 interim
952 843 1010 906 per
1032 825 1265 900 contumeliam,

161 927 216 988 sed
230 925 289 986 hoc
305 941 455 1004 perquam
466 941 552 994 raro,
564 935 598 982 ut
611 922 739 981 Asinius
751 942 811 999 pro
830 920 969 982 Urbiniae
983 917 1144 982 heredibus
1157 921 1268 982 Labie·

162 1045 251 1097 uum,
267 1025 437 1084 adversarii
442 1038 623 1104 patronam,
650 1027 730 1082 inter
741 1036 922 1101 argumenta
937 1021 1030 1082 malae
1043 1041 1142 1084 cause
1153 1027 1269 1100 posuit.

205 1129 250 1187 Ex
273 1121 416 1188 oratioue
440 1123 572 1187 Labieni
596 1136 706 1200 contra
734 1123 907 1186 Pollionem
938 1122 1067 1184 ailertur
1093 1117 1210 1205 aliquid
1236 1119 1269 1186 iu

162 1221 297 1306 Quintil.
314 1223 386 1296 Vll,
404 1221 436 1294 2,
453 1221 493 1284 26
513 1243 521 1282 ε
540 1245 555 1276 ι
576 1225 716 1301 Utraque
733 1241 807 1302 pars
828 1240 916 1282 suam
937 1219 1163 1301 expositionem
1177 1220 1272 1282 babet

161 1335 256 1402 atque
268 1341 337 1383 eam
351 1332 466 1392 tuetur,
479 1331 525 1398 ut,
541 1324 574 1378 in
587 1319 640 1378 lite
659 1319 831 1380 Urbiniana
846 1318 961 1400 petitor
981 1315 1081 1382 dicit:
1102 1319 1272 1380 Clusinium

164 1419 308 1498 Figulum
310 1417 419 1500 filium
436 1417 577 1478 Urbiniae
595 1421 661 1476 acie
675 1421 770 1490 victa,
789 1423 892 1500 iniqua
910 1431 1045 1490 steterat,
1053 1418 1185 1496 fugisse
1192 1439 1208 1490 ,·
1220 1412 1271 1497 ja·

161 1531 334 1599 elatumque
348 1515 470 1576 casibus
484 1517 596 1587 variis,
612 1528 761 1572 retentum
771 1517 868 1572 etiam
882 1535 901 1571 a
921 1533 1006 1596 rege,
1021 1515 1143 1572 tandem
1161 1517 1195 1576 in
1208 1515 1272 1574 Ita·

163 1617 237 1676 liam
246 1638 285 1674 ac
294 1619 429 1696 patriam
445 1635 533 1674 suam
544 1615 711 1694 Marginos
722 1617 844 1672 venisse
856 1628 947 1697 atque
961 1612 1005 1671 ibi
1017 1619 1153 1692 agnosci.
1165 1641 1179 1674 e

207 1713 343 1798 Quintil.
358 1715 385 1786 l,
403 1715 435 1789 5,
454 1711 473 1771 11
489 1731 498 1772 t
512 1713 552 1774 Iu
567 1715 701 1770 oratione
720 1710 861 1782 Labieni,
877 1711 943 1772 sive
957 1709 1012 1772 illa
1027 1709 1169 1770 Cornelii
1185 1711 1273 1772 Galli

165 1823 225 1884 est,
238 1813 272 1874 in
286 1811 459 1875 Pollionem
473 1829 586 1870 casnar
598 1819 770 1870 assectator
785 1827 803 1868 e
816 1804 923 1869 Gallis
933 1809 1058 1870 (laetum
1072 1819 1130 1870 est.

202 1945 318 2012 Ιαόίιηί]
339 1943 511 2018 Spaldingius
529 1944 557 1998 iu
572 1943 741 1996 adnotatione
753 1912 786 1994 atl
803 1941 875 1996 huno
887 1943 974 1995 locum
993 1943 1111 1998 incertus
1127 1943 1189 2008 fuit,
1211 1944 1271 2014 quis

237 2046 308 2086 esset
317 2033 461 2096 Labienus,
477 2051 590 2102 eumque
602 2030 683 2084 simul
695 2030 852 2083 historicum
866 2049 924 2083 csse
934 2031 1056 2102 negabat,
1076 2030 1121 2082 sed
1131 2041 1223 2102 postea
1236 2029 1271 2081 ad

236 2119 284 2184 lv,
299 2125 323 2182 l,
339 2123 381 2185 ll,
393 2119 513 2172 eumdem
523 2137 583 2172 cum
592 2118 641 2172 illo
651 2115 1139 2188 101000000010011000101100011001100
1150 2117 1179 2168 in
1193 2117 1272 2170 Com·

235 2217 319 2258 ment.
332 2205 365 2257 de
374 2206 468 2258 Asinio
477 2204 598 2258 Pollione
606 2223 634 2274 p.
646 2204 680 2256 it
690 2224 696 2256 ι
707 2200 809 2256 Habuit
821 2200 941 2267 Asinaia,
954 2203 1053 2274 inquit,
1072 2203 1098 2255 in
1114 2202 1160 2254 boc
1167 2201 1269 2275 judicio

233 2287 412 2342 aduersarum
432 2285 585 2348 misnam,
602 2285 761 2338 bistmrbum.
781 2287 820 2340 N.
839 2285 923 2339 Fabri
936 2285 1075 2357 aptitr'onem
1095 2285 1132 2338 ad
1151 2285 1272 2338 Senecam

237 2371 268 2422 L.
282 2389 298 2420 v
328 2370 448 2424 Controv.
457 2371 569 2440 praefat.
582 2389 610 2441 p.
625 2368 688 2429 349,
707 2371 733 2432 8,
746 2367 827 2439 quasi
835 2366 857 2419 is
870 2367 935 2420 ιἰίιηι
948 2387 1004 2422 erse
1011 2367 1107 2439 possit,
1119 2367 1195 2439 quia
1211 2369 1272 2420 Coe-

234 2485 294 2520 sarc
308 2467 345 2518 ad
351 2465 503 2538 Pompeium
516 2464 673 2540 transfugit,
685 2465 787 2535 refutat
800 2463 908 2520 Vossius
920 2467 962 2518 De
970 2464 1032 2518 bist.
1045 2467 1107 2520 Lat.
1128 2469 1153 2526 l,
1169 2467 1213 2518 13.
1226 2467 1271 2517 Ex

231 2553 319 2606 eadem
333 2551 592 2620 certesamr'leafisit,
611 2571 642 2604 ac
654 2553 819 2622 Pompeianae
831 2549 948 2602 sardium
950 2549 1078 2618 factionis
1088 2549 1272 2604 hereditariam

234 2635 330 2688 tenuit.
345 2636 451 2688 Laudat
463 2633 643 2699 Quintilianus
658 2633 796 2685 oraticnem
809 2633 917 2685 batim
926 2635 953 2684 in
969 2633 1124 2694 Polltbnem,
1137 2651 1215 2704 quam
1228 2641 1271 2686 ta-

232 2740 289 2774 men
295 2719 410 2780 dubitat,
419 2728 508 2772 utrum
521 2718 636 2772 Cornelii
643 2719 716 2770 Galli
727 2719 762 2769 sit
771 2739 779 2769 .·
784 2719 859 2784 forte
870 2719 936 2770 eninr
949 2717 1053 2770 libellus
1062 2739 1111 2771 non
1120 2719 1211 2772 addito
1219 2740 1269 2772 au·

235 2804 317 2858 ctorib
328 2805 426 2857 nomine
434 2805 546 2858 exierat.
557 2834 590 2844 —
600 2803 734 2855 Labienus
744 2805 772 2854 in
784 2803 833 2854 hac
848 2804 966 2855 oratione
982 2817 1072 2858 eontra
1089 2805 1263 2858 heredesve-

233 2893 313 2944 biniae
321 2892 399 2956 dixit,
410 2911 522 2962 quorum
532 2905 660 2963 patronus
669 2903 725 2943 eret
738 2889 848 2942 Asinius
858 2888 954 2943 Pollio.

203 3007 324 3070 Scimus
343 3003 455 3070 deinde
480 3027 517 3068 ex
544 3007 671 3069 Seneoae
701 3002 836 3068 rhetoris
865 3004 1017 3068 Controv.
1042 3005 1098 3068 lib.
1126 3009 1154 3068 V
1179 3009 1272 3090 proni..

161 3125 193 3185 p.
206 3173 210 3180 ,
224 3104 282 3167 351
309 3102 360 3189 (p.
378 3104 439 3166 322
456 3105 505 3165 ed.
525 3103 619 3186 sip),
644 3103 815 3188 Labienum
840 3104 1016 3166 orationem
1039 3103 1199 3186 scripsisse
1210 3126 1272 3182 pro

162 3202 310 3281 Bathyllo
319 3204 513 3274 Maecenatis,
532 3203 582 3263 eui
593 3200 698 3266 Gallio
707 3199 923 3284 rescripserat.
933 3203 981 3265 De
994 3200 1271 3286 bathylloLipsius

160 3302 298 3383 loquitur
319 3305 358 3364 ad
380 3303 479 3366 Tacit.
498 3305 584 3365 Ann.
607 3305 633 3379 l,
652 3299 989 3393 54.[1ncussenecae:
1009 3303 1135 3366 «Cassii
1148 3303 1268 3379 Severi,

163 3399 297 3462 hominis
318 3399 456 3462 Labieno
475 3397 685 3482 junctissimi,
713 3400 795 3462 helle
828 3399 912 3461 dicta
938 3399 1184 3462 resistebatur.
1213 3401 1271 3462 1110

163 3511 313 3580 tempore,
339 3519 399 3579 quo
415 3499 492 3562 libri
513 3498 646 3561 Labieni
667 3519 705 3560 ex
727 3498 807 3562 SCto
822 3497 1005 3573 urebantur,
1027 3499 1117 3559 Nune
1134 3517 1195 3570 me,
1219 3497 1267 3558 in·

163 3597 250 3676 quit,
277 3597 383 3658 uiuum
405 3595 455 3656 uri
478 3606 620 3677 oportet,
653 3596 706 3676 qui
725 3595 793 3659 illos
807 3595 938 3658 edidici.
969 3593 1150 3656 Monstrabo
1177 3591 1270 3656 vobis

73 3693 77 3700 '
163 3694 278 3756 bellurn
301 3693 454 3770 libellum,
480 3715 606 3776 querna
626 3693 774 3758 Gallione
788 3709 893 3758 vestro
908 3695 1030 3777 petatis.
1048 3694 1207 3758 Recitavit
1221 3714 1270 3757 re-

162 3791 313 3876 scriptum
335 3795 474 3858 Labieno
494 3814 552 3876 pro
571 3795 714 3881 Bathyllo
735 3795 923 3870 Maecenatis,
947 3791 982 3856 in
1004 3814 1064 3876 quo
1087 3791 1265 3876 suspicietis

163 3888 372 3954 adolescentis
392 3888 552 3966 animum,
581 3891 651 3954 illos
675 3893 784 3956 dentes
803 3893 843 3954 ad
863 3891 1073 3954 mordendum,
1093 3909 1267 3974 provocan-

163 3987 215 4054 tis.
235 3983 276 4074 n]
830 3980 834 3986 ”

206 4085 339 4168 Quintil.
353 4089 409 4164 IX,
428 4089 459 4162 t,
481 4087 517 4150 13
536 4087 648 4148 :Nune
665 4086 780 4150 evaluit
795 4087 884 4150 rebus
893 4085 1066 4169 agentibus,
1077 4089 1158 4171 quod
1172 4086 1274 4150 Pollia

162 4186 196 4248 in
214 4184 353 4250 Labieno
367 4190 507 4256 damnat.
591 4223 596 4234 ·
