3218 5320
880 415 948 488 316

405 548 519 617 Callias]
538 547 703 619 antiquitatis
715 559 745 600 st
759 547 939 602 obsoletorum
952 548 1141 602 vocabulorum
1154 552 1283 604 maximus
1297 553 1350 606 luit
1361 568 1469 618 amator,

437 644 468 684 ut
481 650 513 683 ex
525 627 584 701 ejus
596 629 723 704 Epistolis
736 649 841 701 quoque
858 631 890 683 ad
907 631 1060 684 Ciceronem
1074 632 1244 706 intelligitur.

408 755 564 818 Priscian.
583 758 672 830 VIII,
696 755 728 834 l,
752 776 784 840 p.
811 755 1051 820 mazochus:
1069 758 1126 818 Ex
1142 763 1262 838 scriptis
1276 781 1396 836 eorum,
1419 768 1472 847 qui

365 859 436 917 vert*
442 854 643 930 arbitrantur,
658 857 779 938 passive
792 867 1011 938 mompiivasrat,

401 989 515 1058 Callias]
533 991 578 1047 hic
590 991 693 1059 dubito,
705 993 753 1045 cui
763 992 864 1064 potius,
880 993 978 1046 oratori
991 1010 1024 1044 an
1035 992 1171 1056 historico,
1184 992 1212 1046 id
1223 993 1259 1046 sit
1267 993 1466 1047 vindicandum.

434 1073 558 1126 Editores
573 1075 676 1147 Fragm.
689 1073 878 1146 historicorum
892 1075 1033 1146 Antipatro
1051 1075 1078 1127 id
1091 1075 1224 1127 tribuunt.

407 1193 561 1256 Priscian.
579 1196 673 1268 XIII,
692 1195 722 1270 3,
750 1216 783 1278 p.
807 1195 866 1260 566
892 1198 942 1258 ed.
966 1196 1093 1270 chhl,
1119 1218 1152 1280 p.
1173 1200 1234 1262 960
1248 1200 1298 1260 ed.
1315 1202 1468 1262 rusca:

293 1301 296 1316 '
362 1293 414 1353 M.
432 1293 542 1354 Caeliae
557 1296 595 1356 de
608 1297 722 1359 vestitu
736 1309 768 1358 et
788 1296 958 1358 vehiculis:
982 1297 1069 1356 Nam
1087 1293 1294 1379 perinjurium
1308 1305 1379 1374 siet,
1399 1321 1468 1360 cum

362 1393 445 1470 mili
453 1395 492 1456 ob
505 1417 559 1456 eas
571 1419 685 1470 mores,
701 1420 779 1484 quos
787 1403 875 1476 prius
886 1397 991 1472 babai,
1004 1397 1098 1460 bonos
1113 1400 1200 1458 detur
1207 1423 1222 1473 ,-
1236 1399 1287 1459 ubi
1300 1401 1387 1460 datas
1400 1407 1466 1476 siet,

362 1508 426 1554 tum
446 1500 491 1556 uti
504 1513 688 1561 cosmatem
702 1514 791 1583 atque
804 1499 859 1558 alii
874 1500 959 1558 modi
976 1502 1067 1558 siem.

400 1633 442 1686 M.
459 1633 574 1704 Callus]
594 1649 691 1690 temere
705 1637 749 1689 bic
762 1636 838 1688 locus
852 1636 889 1688 Μ.
905 1633 991 1688 Coelio
1006 1633 1137 1687 tribuitur
1151 1647 1207 1686 tum
1223 1654 1238 1686 a
1256 1636 1422 1690 Ruhnkenio
1440 1639 1469 1690 ad

434 1719 571 1773 Velleium
593 1722 629 1785 ll,
653 1725 698 1786 68,
713 1734 771 1774 tum
784 1741 799 1773 a
812 1719 942 1773 Krehlio:
968 1720 1077 1772 Catonis
1097 1720 1169 1772 enim
1191 1733 1233 1773 est
1245 1724 1255 1791 (
1265 1733 1297 1773 ut
1317 1721 1470 1775 Ellendtius

432 1816 502 1856 recte
514 1804 591 1874 vidit)
611 1817 639 1858 et
652 1823 684 1858 ex
701 1805 821 1860 censoria
833 1804 952 1857 oratione
966 1802 1131 1875 desumptus,
1146 1803 1216 1874 quod
1229 1823 1261 1857 ex
1271 1804 1331 1856 aliis
1341 1807 1469 1859 Prisciani

431 1891 498 1944 locis
510 1903 537 1944 et
549 1911 582 1945 ex
598 1893 657 1963 ipso
668 1891 795 1946 orationis
808 1891 896 1945 colore
908 1903 936 1943 et
955 1903 1110 1962 argumento
1127 1889 1244 1962 perspici
1266 1904 1365 1962 potest.
1379 1895 1466 1962 Quare

430 1973 501 2026 inter
514 1975 624 2029 Catonis
633 1974 766 2028 orationes
775 1993 855 2045 supra
867 1972 1009 2026 retulimus
1021 1994 1049 2045 p.
1066 1975 1109 2026 38.

402 2099 509 2186 Barth.
529 2098 717 2161 Adversaris
731 2097 909 2171 XXXVIII,
928 2097 980 2171 tt,
1000 2115 1034 2179 p.
1050 2098 1143 2162 1748:
1159 2097 1204 2158 Ex
1219 2098 1340 2159 chico
1365 2113 1468 2162 vetere

360 2195 570 2260 Terentiano:
589 2221 604 2252 a
621 2197 779 2274 adjuvant
796 2217 970 2260 sermonem
993 2217 1032 2259 ex
1058 2197 1230 2262 abundanti
1256 2197 1374 2258 addita.
1401 2198 1467 2262 (ἓω-

359 2293 438 2355 lius:
458 2295 537 2354 Hau:
555 2307 676 2356 caterva
694 2295 787 2372 plena
802 2295 1008 2376 gladiatorum
1025 2315 1094 2354 cam
1116 2317 1205 2355 suum
1222 2293 1283 2354 sibi
1308 2295 1408 2354 alium
1423 2317 1467 2356 so·

361 2393 440 2450 cium
455 2395 569 2450 socius.

399 2526 517 2594 Callias]
537 2527 625 2580 Barth.
642 2528 662 2580 l.
683 2527 702 2580 l.
714 2547 742 2600 p.
756 2531 841 2582 1750:
859 2529 944 2590 Catii]
954 2530 1052 2600 inquit,
1067 2532 1142 2582 uerba
1152 2529 1191 2582 ila
1205 2531 1315 2604 legenda
1327 2531 1468 2584 videntia.-

434 2617 525 2668 «llaea
540 2623 656 2686 palerna
670 2635 750 2687 pana
769 2619 957 2690 gladiatorum,
975 2616 1102 2670 consumit
1122 2636 1199 2669 suum
1213 2615 1264 2670 st‘bt'
1278 2615 1361 2668 alium
1379 2617 1470 2670 socium

429 2700 553 2750 sociiis.»
577 2701 612 2750 lu
631 2699 780 2753 membranis
800 2700 925 2770 sarmium
934 2699 996 2768 ficii
1003 2701 1089 2771 primo
1100 2701 1235 2765 Caecilius,
1261 2701 1309 2752 sed
1316 2701 1377 2753 duas
1389 2701 1470 2754 litera

428 2802 510 2836 erasa
524 2790 605 2853 alque
622 2791 759 2855 expuncta
779 2789 850 2836 sual.
868 2781 1100 2857 Egossnilu'lominus
1114 2784 1223 2836 Coe'cilio
1236 2785 1321 2856 magis
1336 2785 1466 2837 convenia

428 2889 507 2941 quam
522 2869 602 2924 Calais
611 2869 731 2924 arbitror.

399 3007 532 3090 Quintil.
561 3007 588 3081 I,
606 3008 637 3080 5,
654 3005 690 3068 61
711 3027 719 3066 =
734 3009 781 3070 Ne
791 3009 824 3070 in
836 3031 854 3066 a
867 3007 990 3088 quidem
998 3020 1118 3090 atques
1133 3008 1241 3070 literas
1251 3006 1338 3070 exire
1348 3023 1465 3072 temere

356 3102 655 3165 mascnlinaGraeca
673 3105 799 3165 nomina
824 3117 912 3166 recto
936 3125 1010 3168 casu
1032 3107 1246 3188 patiebantur,
1277 3103 1408 3188 ideoque
1434 3121 1462 3168 et

362 3202 442 3280 apud
459 3199 590 3258 Caelium
603 3200 730 3277 legimns
741 3201 833 3260 Pelia
844 3206 1030 3264 cincinnatus
1044 3217 1077 3278 et
1090 3205 1169 3286 apud
1186 3203 1369 3274 Messalam,
1383 3207 1464 3264 Beue

349 3301 434 3378 fecit
447 3297 562 3360 Euthia
575 3313 606 3360 ct
619 3301 700 3380 apud
718 3301 910 3378 Ciceronem,
925 3304 1129 3384 Hermagora,
1146 3324 1187 3366 ne
1207 3305 1372 3380 miremur,
1385 3307 1462 3385 quod

359 3399 399 3462 ab
415 3399 614 3481 antiquorum
628 3399 783 3482 plerisque
797 3407 905 3468 Aeaea
916 3419 947 3464 et
956 3403 1098 3468 Anchisa
1109 3407 1150 3468 sit
1165 3402 1279 3468 dictus.

267 3512 332 3587 196
377 3540 521 3609 ιίόεἰιὶιηι]
540 3541 652 3605 Coelius,
668 3541 791 3606 Messala,
817 3543 910 3596 Cicero
937 3546 965 3598 in
985 3547 1036 3600 boo
1062 3547 1124 3600 loco
1145 3547 1263 3616 antiquis
1285 3548 1464 3598 Romanorum

431 3629 607 3700 scriptoribus
627 3640 814 3702 opponuntur,
841 3629 877 3682 ita
895 3643 925 3682 ut
950 3643 1050 3702 pateat,
1074 3653 1127 3686 non
1150 3631 1259 3686 Callum
1286 3629 1465 3700 Antinoo-am.

432 3709 599 3776 historicum,
615 3711 661 3781 qui
678 3710 735 3782 ipse
747 3729 780 3763 ex
798 3731 912 3766 nurnero
924 3715 1093 3784 antiquorum
1109 3727 1160 3778 cst,
1174 3713 1291 3786 intelligi
1305 3731 1394 3786 posse,
1417 3714 1461 3766 sed

433 3793 518 3846 multa
531 3794 704 3848 recentiorem
718 3792 796 3846 illum
809 3796 851 3847 M.
872 3795 980 3852 Cultum
993 3799 1104 3866 Rufum,
1126 3798 1254 3870 asquslem
1266 3797 1402 3850 Ciceronis
1423 3811 1462 3850 at-

434 3895 486 3947 que
495 3877 626 3930 Messalae.
637 3908 669 3918 -
681 3877 708 3928 ls
721 3875 749 3928 in
760 3877 879 3930 oratione
892 3879 1003 3947 quadam
1018 3883 1197 3934 Romanorum
1212 3879 1364 3952 principum
1377 3880 1465 3932 nescio

407 4019 409 4026 ,
432 3979 511 4030 quem
523 3961 624 4018 Peliam
635 3959 806 4014 cibamuaium
821 3961 890 4014 salse
903 3965 1014 4030 vocavit,
1030 3979 1061 4018 ut
1074 3967 1167 4020 Cicero
1176 3966 1260 4019 facete
1269 3964 1397 4016 Romulus
1411 3965 1465 4018 Ar·

427 4045 506 4116 plicas
518 4048 663 4109 dicebatur,
686 4049 749 4118 quia
761 4059 822 4118 post
834 4046 1043 4119 conjurationem
1061 4052 1182 4105 Catilinae
1197 4052 1325 4104 detectam
1344 4067 1417 4119 oeque
1434 4049 1465 4100 de

434 4129 516 4179 Roma
530 4148 557 4180 se
570 4131 692 4186 meritum
709 4149 768 4184 esse
789 4142 866 4200 atque
885 4132 1041 4202 Romulum,
1064 4135 1179 4208 primum
1204 4135 1278 4190 urbis
1291 4133 1466 4195 fundatorem,

432 4214 560 4286 gloriatus
574 4229 623 4268 cst.
