3246 5340
678 447 747 522 385

201 637 341 707 improbata
352 641 475 704 censura]
488 637 577 690 eadem
587 637 753 710 significatur
766 639 859 703 oratio,
875 637 908 692 de
919 654 973 709 qua
984 655 1066 710 supra
1075 639 1125 704 Ν,
1140 643 1172 695 29
1185 655 1215 696 et
1229 644 1262 698 li

236 723 342 774 locutus
351 737 401 775 est.
416 725 467 789 [Et
475 725 503 777 in
516 723 567 776 hac
577 725 641 796 ῥήσιι
651 723 762 794 aliquae
773 725 831 779 cod.
844 726 992 780 emendata.
1003 731 1013 794 ]
1095 793 1099 798 1

204 847 325 930 Symm.
341 843 486 909 Neuterio
506 845 561 928 (V,
579 846 663 922 43)t
685 844 934 920 Oratiunculam,
948 867 1053 930 ¹quum
1078 849 1217 931 proxime
1231 853 1265 912 in

163 953 271 1008 senatu
285 940 392 1018 habui,
410 945 452 1005 ad
467 956 498 1006 te
512 941 596 1020 misi,
618 945 655 1004 de
672 963 734 1024 qua
755 945 913 1008 dominum
937 965 1040 1008 mcum
1057 945 1188 1011 tratrem
1214 967 1267 1009 no·

164 1052 262 1104 strum
285 1037 458 1104 carterium
481 1055 584 1106 tecum
608 1042 700 1122 plene
722 1041 861 1106 arbitror
876 1044 1076 1107 eottommm.
1095 1042 1176 1108 Nam
1187 1047 1287 1127 peti,

165 1137 242 1198 tioni
259 1149 373 1201 nostrie
385 1137 508 1200 auditor
521 1135 678 1203 interfuit.
691 1140 731 1202 Et
744 1137 883 1219 quamvis
898 1141 994 1202 totius
1001 1138 1125 1202 ordinis
1132 1142 1268 1204 secunda

166 1235 312 1318 sull'ragia
327 1237 445 1322 cepisse
460 1241 634 1315 videamur,
649 1237 685 1302 iu
698 1255 730 1304 te
744 1261 807 1303 tmo
819 1254 924 1305 tamen
936 1259 1088 1327 summam
1099 1243 1269 1306 testimonii

170 1339 365 1402 collocamus.

202 1478 411 1544 orettitnctticm]
433 1479 586 1539 trudonem,
603 1493 660 1546 quat
679 1487 774 1539 exstat,
789 1495 838 1548 pro
857 1477 978 1548 Synesio,
998 1475 1198 1548 intelligendam
1212 1495 1270 1528 esse

239 1566 496 1638 suspicaturllittius.
732 1565 733 1568 '

210 1690 330 1776 Symm.
347 1687 446 1754 Decio
461 1691 547 1774 (Vll,
569 1693 628 1778 58)
641 1714 649 1753 t
673 1696 758 1755 Duas
773 1690 984 1757 oratiunculas
997 1711 1082 1754 meas
1095 1712 1194 1778 nuper
1209 1691 1271 1753 edi-

170 1801 219 1850 tas
235 1789 274 1852 ad
299 1787 435 1851 illustres
449 1791 533 1852 viros
552 1793 703 1854 virtutum
717 1804 748 1854 et
762 1789 925 1854 literarum
939 1791 1114 1855 sacerdotio
1129 1791 1273 1872 preditos

171 1887 308 1949 Felicem
322 1901 355 1950 et
372 1888 560 1950 Minervium
579 1889 659 1952 misi.
676 1891 792 1952 Harum
811 1889 905 1952 etiam
916 1901 961 1962 te,
978 1900 1014 1948 ut
1028 1901 1183 1950 amantem
1197 1889 1270 1963 mei,

171 1983 197 2045 si
212 1985 422 2048 mediocribus
434 1982 568 2064 ingeniis
580 2007 642 2048 non
654 1983 831 2060 offenderis,
845 1998 917 2070 opto
934 2005 1000 2048 etse
1014 1987 1176 2048 lectorem.

207 2121 381 2189 Minervium]
393 2123 453 2176 vide
469 2141 550 2194 supra
562 2121 608 2188 IV,
625 2124 668 2176 45.

213 2247 413 2311 Cassiodorus
437 2247 518 2309 liist.
541 2247 679 2330 Tripart.
705 2255 750 2322 nt,
781 2267 816 2312 o:
837 2250 900 2328 23:
929 2251 1130 2331 Symmachus
1151 2247 1275 2329 scripsit

110 2381 114 2388 ,
173 2347 311 2408 massmr
326 2348 446 2408 laudem
467 2366 595 2430 eamque
609 2349 765 2426 recitavit,
792 2351 874 2412 unde
892 2361 999 2431 postea
1012 2367 1083 2412 reus
1097 2369 1163 2411 esse
1177 2349 1271 2430 maje-

173 2445 262 2507 statis
276 2446 451 2509 videbatur.
466 2449 677 2531 Quamobrem
687 2460 819 2511 mortem
833 2461 972 2510 metuens
986 2447 1125 2528 conlegit
1135 2451 1168 2510 in
1179 2449 1280 2510 eccle.

174 2543 263 2606 siem.
281 2549 397 2608 Verum
418 2548 589 2629 imperator
604 2545 836 2629 (Theodosius)
863 2569 934 2611 cum
949 2560 1029 2609 esset
1049 2549 1279 2630 perfectissime

174 2639 422 2719 christianitatis,
438 2644 656 2725 Symmachum
666 2643 800 2706 absolvit
814 2665 833 2704 a
843 2645 986 2706 crimine.
1003 2645 1141 2726 Cumque
1154 2647 1277 2706 veniam

173 2739 340 2802 meruisset
357 2741 569 2824 Symmachus,
599 2740 845 2822 Apologeticum,
866 2739 899 2800 id
923 2753 981 2814 est,
1006 2743 1277 2803 satisfactionalem
1302 2735 1372 2809 276

174 2839 288 2902 librum
303 2841 343 2900 ad
358 2839 564 2902 Theodosium
579 2837 767 2921 conscripsit
779 2841 1011 2921 imperatorem.

212 2973 453 3042 Maednt'laudem]
472 2975 515 3027 De
534 2960 761 3048 hoe'Penegyrico
779 2976 807 3026 in
827 2987 971 3046 tyranuum
983 2972 1126 3026 Maximum
1139 2975 1168 3026 in
1189 2975 1275 3046 Epist.

246 3067 281 3128 ll,
299 3064 494 3134 tl‚10quitur;
510 3077 588 3134 atque
607 3065 680 3128 vlit,
701 3067 734 3118 69
749 3083 755 3114 :
777 3065 859 3115 Unum
877 3061 973 3133 quippe
985 3061 1030 3114 lice
1051 3061 1184 3114 literarum
1194 3082 1277 3134 genus

248 3160 365 3218 superest
370 3153 433 3216 post
449 3164 550 3198 amaros
560 3165 636 3200 casus
649 3147 791 3199 orationum
803 3161 925 3205 mearum,
940 3142 1011 3214 quod
1021 3159 1060 3195 me
1073 3142 1110 3194 ud
1120 3160 1195 3194 urum
1212 3145 1276 3196 scri-

247 3227 410 3300 dendt'posst't
418 3229 532 3282 allt'cere.

220 3355 449 3439 Panegyricum
470 3355 641 3436 composuit
659 3351 823 3414 Theodosii
838 3351 981 3424 senioris,
1008 3363 1043 3410 ut
1062 3351 1096 3412 in
1111 3353 1209 3434 Epist.
1231 3352 1275 3430 tt,

181 3459 234 3533 ts,
250 3455 417 3518 indicavit:
438 3455 514 3515 Cum
524 3455 626 3516 civiles
639 3467 670 3512 et
684 3453 807 3514 bellicas
822 3452 926 3512 landes
938 3453 1062 3511 Domini
1071 3457 1169 3512 nostri
1180 3452 1277 3514 Theo·

180 3556 262 3616 dosii
275 3553 336 3612 stili
350 3550 464 3614 honore
475 3572 689 3632 percurrerem
702 3553 816 3630 (magis
824 3555 909 3610 enim
922 3553 1083 3629 contigisse
1093 3570 1145 3610 me
1158 3557 1276 3626 omnia,

178 3675 270 3741 quem
291 3656 477 3733 satisfecisse
498 3653 625 3734 singulis
631 3655 778 3734 fateor),
806 3655 902 3711 etiam
916 3653 998 3732 leges
1011 3646 1079 3732 ejus
1093 3651 1180 3712 bonis
1190 3644 1279 3732 pacis

181 3757 342 3830 admiscui.

224 3851 331 3914 Restat
345 3856 441 3911 oratic
461 3866 566 3911 contra
589 3849 756 3910 Gildonem
770 3849 874 3910 dubita
892 3854 924 3907 in
940 3865 1054 3925 senatu,
1069 3850 1108 3911 de
1128 3869 1190 3931 qua
1203 3849 1281 3913 dicit

181 3951 236 4022 lV,
253 3947 273 4008 l
289 3967 298 4009 t
316 3947 440 4028 ingenti
459 3967 561 4006 ccusce
576 3947 689 4008 devotis
707 3951 861 4006 sententiis
880 3947 1096 4027 satisfecimus.
1114 3947 1227 4008 Veniet
1248 3953 1280 4006 in

184 4069 293 4108 munus
306 4064 373 4109 tuos
386 4049 464 4134 quid
474 4051 743 4126 pronumtirrerim.
