3212 5326
877 433 943 504 144

359 577 504 639 miserate
530 599 545 633 a
559 577 584 635 Α
599 574 702 636 villico
716 575 810 635 etiam
820 573 924 632 villico
936 573 986 634 vel
1003 573 1125 632 oillz'cor
1138 573 1289 634 dicebant
1301 573 1431 654 antiqui.
1445 599 1459 630 s

360 673 517 732 Villicori
540 684 588 732 est
610 667 770 732 rusticari.
800 666 909 756 [Codd.
933 669 1122 731 fereoilicor
1144 682 1220 737 etc..
1244 691 1305 731 uno
1325 667 1369 758 1,]
1393 726 1395 732 .

582 833 634 894 30.
655 853 767 895 ounrro
790 853 829 894 uu
854 854 935 896 rous
958 855 1055 896 uusrs
1077 853 1245 897 raserunt.

400 971 553 1034 Censores
576 970 714 1033 omnium
730 993 848 1046 rerum,
875 989 942 1050 quae
961 973 1000 1034 ad
1023 973 1176 1035 culturam
1190 971 1295 1034 'italiae
1316 973 1467 1054 variaque

358 1087 490 1154 quoestus
500 1091 617 1152 genera
627 1073 787 1133 hominum
797 1071 1012 1153 pertinebant,
1028 1071 1465 1136 curamhahuere.Cumvero

356 1173 434 1237 Cato
458 1171 574 1256 optime
595 1173 692 1235 sciret
706 1193 772 1236 rem
786 1171 945 1246 rusticam,
963 1175 1001 1234 de
1024 1174 1216 1254 agricultura
1238 1171 1356 1254 qnoque
1378 1185 1411 1236 et
1423 1176 1464 1236 de

354 1271 499 1355 pastione
513 1276 666 1358 pecudum
681 1287 835 1357 praecepta
845 1275 930 1334 dedit
943 1273 1080 1357 publice.

399 1373 618 1448 Priscian.Vl,
634 1375 685 1451 14,
703 1396 735 1458 p.
753 1373 839 1438 268:
861 1399 876 1431 a
892 1374 971 1436 Cato
981 1377 1140 1438 censorius
1154 1377 1193 1438 de
1207 1395 1287 1454 agna
1299 1388 1398 1437 musta
1409 1395 1462 1457 pa-

355 1479 580 1540 soendamuua
589 1497 670 1556 agna
682 1497 739 1560 pro
754 1465 831 1538 nom
844 1479 933 1540 dixit.
950 1477 1068 1544 »Confi
1080 1479 1208 1543 Vossius
1228 1479 1276 1538 De
1291 1461 1413 1554 analog.
1432 1479 1458 1538 1.

354 1595 387 1655 p.
408 1574 478 1636 168.
498 1573 551 1638 Sic
565 1589 696 1660 murtam
710 1586 832 1637 aetatem
850 1573 927 1638 dicit
941 1575 1060 1638 Nonius
1070 1595 1128 1658 pro
1142 1590 1259 1644 tenera,
1276 1594 1313 1636 ac
1328 1589 1460 1632 mustum

352 1677 461 1738 vinum
474 1695 529 1756 pro
539 1695 630 1736 noro.
989 1661 991 1669 ¹

396 1769 552 1833 Priscian.
567 1770 627 1846 111,
647 1771 675 1842 l,
694 1793 726 1853 p.
741 1773 806 1834 *104
820 1796 828 1835 ε
843 1773 945 1837 «Cato
955 1775 994 1834 de
1008 1791 1089 1850 agna
1100 1772 1270 1852 pascendae
1285 1767 1374 1831 Cicer
1384 1793 1463 1852 ager
1507 1829 1511 1840 ,

353 1868 506 1946 allegatus
525 1867 569 1925 ad
581 1887 671 1926 sacra
684 1873 757 1929 erit.⁴
772 1895 786 1928 ι
803 1870 893 1933 Coni.
912 1867 1039 1933 Vossius
1056 1871 1103 1930 De
1118 1869 1241 1946 analog.
1265 1869 1311 1942 ΙΙ,
1331 1887 1364 1949 p.
1382 1867 1456 1931 366.

281 1983 320 2054 41
353 1965 467 2028 Sensus
478 1977 541 2026 est:
559 1965 655 2042 Ager,
673 1966 725 2044 qui
738 1967 819 2059 eitra
833 1979 891 2042 est,
904 1987 1064 2028 sacrorum
1073 1977 1212 2048 sumptus
1221 1963 1338 2026 levabit
1368 1961 1459 2052 [praa-

351 2063 451 2141 bebit,
461 2065 587 2148 pabulo,
600 2065 660 2126 uisi
670 2065 772 2140 fallor,
781 2067 918 2131 victimis
927 2065 1229 2150 alendispreebendo.
1242 2065 1347 2126 urent.
1359 2066 1455 2129 Codd.

351 2177 384 2226 et
397 2165 468 2225 edd.
484 2163 600 2245 pejoris
614 2175 703 2224 notae'
716 2165 778 2242 hio,
795 2181 827 2229 et
841 2170 943 2229 altero·
959 2168 1154 2247 loco‚=agnm
1172 2165 1318 2244 alligatus
1331 2167 1375 2224 ad
1393 2178 1453 2229 ete.

350 2259 645 2343 Antiquissimorum
665 2282 763 2336 uuus,
788 2265 822 2330 in
839 2262 988 2328 Biblioth.
1001 2265 1111 2346 Regia,
1130 2265 1175 2326 lX
1195 2284 1265 2326 seeo.
1277 2311 1287 2338 ,
1298 2253 1386 2335 erat,
1399 2285 1455 2348 pro

350 2366 433 2420 erit.

392 2358 507 2524 Eddem
520 2459 620 2520 rerba
630 2459 778 2537 leguntur
787 2461 869 2532 xlv,
884 2463 915 2536 3,
927 2481 958 2542 p.
974 2465 1046 2525 598.

391 2556 485 2618 uliud
501 2556 710 2635 fragmentum
724 2556 816 2639 hujus
831 2555 982 2622 orationis
993 2559 1077 2620 inter
1088 2558 1214 2623 ineerta
1231 2557 1315 2622 inira
1332 2557 1453 2644 (pue)

326 2665 332 2682 ’
347 2654 552 2726 inveniemus,
566 2667 605 2715 ex
614 2655 704 2717 Festo
717 2675 749 2716 v.
759 2653 908 2716 Pascales
918 2667 1084 2739 sumptum.

643 2819 694 2879 31.
719 2838 824 2882 enarro
840 2841 878 2880 ur
892 2840 988 2882 ruuuo
1004 2839 1144 2884 omnmo.

350 2955 789 3030 Intercensoriasretuli,
813 2960 937 3030 eadem,
962 2959 1078 3039 quain
1101 2959 1306 3040 praecedenti,
1328 2963 1450 3025 ratione

345 3055 466 3116 duetus.
485 3047 696 3140 [Confirmant
716 3059 799 3117 hanc
822 3055 1035 3137 conjecturam
1055 3069 1194 3122 extrema
1207 3060 1336 3172 verba
1327 3083 1361 3122 m
1380 3063 1448 3126 loco

345 3149 510 3214 Eumenii'
501 3173 535 3212 m
548 3171 595 3213 or.
613 3153 651 3214 33
665 3153 772 3216 citato.
779 3150 904 3234 Egger.
908 3147 922 3240 ]

369 3249 512 3309 ·:Festus
532 3248 772 3309 «Pulchrorum
792 3265 881 3334 atque
903 3255 1034 3331 cupediis
1048 3252 1153 3317 Cato'
1144 3273 1178 3315 m
1193 3273 1247 3331 ea,
1268 3275 1333 3338 quae
1348 3273 1395 3321 est
1402 3259 1447 3322 de

343 3348 437 3409 fundo
452 3344 579 3409 olea'rio.
598 3373 613 3404 s
634 3345 842 3411 Siccorrexit
855 3349 995 3431 Scaliger
1009 3375 1039 3435 p.
1058 3355 1098 3418 49
1113 3353 1273 3434 vulgatum
1286 3383 1294 3416 =
1308 3360 1446 3436 pulchra-

341 3445 417 3506 libus
431 3460 519 3530 cuque
531 3447 668 3524 eupidiis.
691 3438 779 3532 [God.
796 3445 951 3538 cupidum]
966 3449 1195 3512 —Pul'chruh‘a
1210 3453 1443 3531 machanaria,

343 3561 411 3604 nec.
423 3542 553 3626 multum
567 3540 754 3604 differunta
773 3545 921 3626 cupediis.
947 3546 1049 3608 Graeci
1065 3549 1172 3612 dicunt
1186 3553 1343 3626 τραγήματα,
1364 3555 1444 3617 uude

341 3643 498 3704 Gallicum
513 3641 697 3705 vocabulum
713 3643 837 3723 dragus.
862 3647 899 3712 In
915 3647 1129 3730 Laurenberg.
1152 3655 1261 3736 Antiq.
1279 3675 1303 3716 s.
1322 3667 1358 3717 v.
1372 3655 1443 3736 legi·

341 3757 426 3801 mus:
441 3737 659 3800 «Pulcrolt'bdr
670 3738 960 3824 pro·pirloris.''Cato
970 3743 1183 3810 2'Pulcralr'bus
1194 3767 1282 3836 atque
1293 3759 1439 3832 cupitis.»

522 3961 524 3967 ,
542 3960 546 3968 .
565 3905 616 3967 32.
641 3924 749 3970 omum
762 3927 1060 3974 uumormausrrrro
1074 3933 1213 3980 cunnus.

384 4044 639 4122 Argumentum
630 4063 777 4122 rgnorare
797 4067 847 4108 me
864 4046 974 4110 fateor.
999 4049 1059 4114 Sed
1079 4057 1218 4122 censoris
1233 4059 1357 4124 ridetur
1376 4085 1439 4126 esse

339 4141 474 4204 officium'
487 4139 546 4202 hac
565 4142 603 4202 de
624 4161 660 4204 re
678 4143 859 4226 praeripere.
880 4139 1109 4234 [Dubitandum
1120 4164 1224 4218 tamen
1241 4178 1281 4220 an
1292 4157 1365 4240 jure
1379 4161 1437 4224 huc

339 4240 451 4306 relata
449 4243 490 4305 sit
501 4261 537 4302 ea
548 4237 676 4332 oratio]
