3212 5326
682 481 727 552 85

155 639 182 680 r..
195 617 246 680 73.
269 615 361 683 Unde
374 627 447 678 ante
461 633 574 678 annum
586 614 645 678 ldd
659 635 721 678 nou
737 635 802 680 ease
817 626 974 680 mortuum
988 617 1115 682 Calvum
1130 616 1250 702 colligi⁴

152 731 215 780 tur.
231 718 292 781 Sed
306 735 374 778 cum
386 716 501 778 Cicero
516 736 544 776 a.
556 715 616 780 tce
628 717 668 778 ad
679 715 869 782 Trebonium
879 720 917 781 de
928 718 1025 782 Calvo
1034 721 1150 784 scribat
1158 721 1247 804 (Epp.

153 818 193 878 ad
205 815 288 878 dirr.
299 815 367 882 XV,
381 813 446 898 21),
462 812 532 874 inde
547 811 686 892 colliges,
704 826 780 877 ante
793 827 947 878 mortuum
959 835 1043 889 esset
1060 814 1249 900 disciturqne

152 934 191 974 ex
205 913 273 974 loco
285 911 375 972 Bruti
390 930 418 970 e.
433 908 485 982 81,
501 927 561 988 quo
574 922 714 992 tempore
724 907 807 974 liber
818 911 950 992 scriptus
960 923 1017 987 est,
1029 911 1168 994 proxime
1178 928 1249 979 ante

152 1009 275 1070 chiisse.
284 1010 409 1072 Brutum
419 1019 522 1068 eutem
531 1007 679 1090 scriptum
689 1007 1251 1082 constatauceexeame,vdineunte

152 1106 265 1180 alum
283 1125 314 1166 v.
328 1103 450 1186 praelat.
464 1115 611 1168 nostram.
633 1101 735 1168 Etiam
749 1124 820 1168 cum
831 1104 996 1180 Cicerone,
1012 1105 1062 1171 cui
1076 1104 1116 1166 cb
1131 1118 1251 1186 patrem

152 1203 225 1264 olim
235 1204 413 1266 damnatum
424 1199 560 1264 inienuus
570 1197 687 1274 eratin
699 1198 833 1280 gratiam
842 1199 951 1274 rediit,
963 1213 997 1266 ut
1010 1201 1115 1282 plures
1130 1221 1252 1282 quoque

153 1303 287 1385 epistole
296 1302 388 1366 Tullii
399 1303 439 1364 ad
449 1300 578 1366 Calvum
588 1313 747 1368 exstarent
756 1302 867 1385 (Prisc.
878 1302 933 1376 lX,
944 1323 974 1384 p.
983 1301 1104 1366 lotoe.
1113 1301 1249 1386 Krete).

151 1405 285 1483 Exiguus
298 1422 429 1486 corpore
442 1403 512 1480 luit,
529 1405 610 1488 quod
622 1403 761 1468 Catullus
775 1403 902 1478 amicus,
919 1406 972 1466 sed
986 1403 1041 1484 qui
1052 1423 1117 1468 uon
1128 1423 1250 1486 semper

151 1502 267 1572 salibus
281 1516 492 1585 temperaret,
510 1503 619 1586 Epigr.
632 1506 704 1570 LlV
723 1504 803 1570 risit.
827 1504 917 1567 Conl.
933 1503 1083 1570 Senecam
1098 1503 1247 1568 Contrcr.

65 1606 68 1610 ’
150 1603 205 1678 lll,
218 1602 472 1677 19,0rid.Trist.
483 1603 523 1678 ll,
536 1601 610 1664 431.
626 1601 772 1683 Exiguus
783 1603 974 1684 quidsithoc
983 1621 1074 1664 uersu
1083 1600 1248 1677 Ovidium,

150 1699 265 1780 primus
275 1699 417 1778 Scaliger
426 1699 505 1762 vidit
515 1701 554 1762 ad
565 1697 678 1762 Catull.
691 1700 714 1764 l.
728 1720 773 1777 e.,
787 1701 926 1781 quamvis
935 1701 1044 1762 videre
1055 1697 1145 1760 iacile
1155 1713 1246 1760 esset.

152 1797 334 1859 Valetudine
344 1798 521 1860 adolescens
532 1817 595 1860 non
606 1798 729 1876 integra
739 1799 808 1870 luit,
822 1802 875 1862 sed
886 1798 970 1880 justo
983 1799 1102 1870 labore,
1114 1815 1250 1878 sauoque

151 1907 183 1956 et
196 1895 277 1974 lrugi
290 1897 363 1958 ritae
377 1915 491 1974 genere
505 1895 672 1957 roboratus
685 1907 743 1956 est.
759 1899 799 1960 V.
816 1894 900 1958 Pliu.
917 1899 958 1960 Η.
974 1899 1013 1958 N.
1031 1893 1174 1968 XXXIV,
1196 1897 1246 1958 18.

151 1993 242 2054 AEdes
253 1992 341 2054 Calvi
355 2005 423 2072 post
438 1993 477 2056 ad
489 1994 658 2070 Augustum
672 2011 846 2072 pertenere
860 1992 955 2074 (Suet.
969 1994 1049 2070 Aug.
1062 2013 1094 2054 c.
1103 1991 1174 2078 72);
1190 2011 1250 2054 nec

151 2105 255 2153 tamea
270 2100 339 2154 cum
354 2092 500 2170 Burignic
515 2092 588 2154 inde
602 2088 758 2170 colligam,
776 2091 905 2155 Calvum
925 2092 1009 2154 inter
1026 2093 1157 2154 maxime
1175 2112 1248 2154 con·

149 2192 271 2272 spicuca
284 2211 322 2254 eo
334 2205 473 2274 ternpore
486 2189 571 2255 eires
578 2193 734 2254 Romanos
745 2193 848 2255 luisse.
865 2193 932 2254 lloc
944 2205 1046 2278 autem
1056 2193 1249 2256 confidenter

93 2344 97 2354 .
150 2286 225 2369 poni
238 2289 322 2362 licet,
337 2290 500 2355 dolendum
513 2309 592 2364 esse,
609 2291 690 2370 quod
710 2289 780 2351 rire
801 2301 865 2352 tam
885 2290 1003 2370 egregii
1024 2289 1160 2369 ingenii,
1181 2302 1245 2352 tam

149 2387 283 2466 integro,
300 2399 367 2450 tam·
377 2387 504 2462 diserto,
517 2399 657 2469 tempora
671 2386 780 2468 quihus
789 2387 874 2470 juata
885 2387 993 2452 harum
1007 2385 1159 2452 virtutum
1170 2407 1245 2470 pre·

151 2488 212 2549 mio
226 2489 371 2570 consequi
386 2503 502 2570 posset,
519 2509 582 2550 non
598 2489 797 2568 contigerint.
819 2483 981 2577 [Legenda
995 2487 1247 2574 prestantissima

151 2587 366 2651 commentatio
377 2587 565 2661 Weicherti,
582 2589 630 2648 De
640 2587 676 2650 C.
688 2584 810 2650 Licinio
820 2587 916 2652 Calvo
932 2599 1036 2669 poeta,
1053 2589 1086 2650 iu
1097 2586 1248 2669 Reliquiis

149 2701 268 2768 poetar.
280 2707 313 2768 p
327 2685 456 2759 89-146,
471 2686 524 2748 ubi
537 2689 627 2770 plura
641 2688 680 2748 de
693 2685 760 2766 ejus
770 2688 848 2766 uita,
865 2688 967 2766 aliqua
983 2688 1077 2751 etiam
1092 2689 1130 2750 de
1144 2700 1247 2750 orato·

150 2787 208 2848 riis
222 2785 317 2867 ipsius
336 2783 533 2874 virtutibus]

193 2883 246 2946 64.
261 2882 390 2947 Calvum
404 2895 589 2964 poetamsua
603 2891 694 2940 etate
708 2898 772 2942 non
787 2891 1006 2961 contemptum,
1023 2894 1178 2942 craterem
1194 2901 1247 2944 au·

151 2993 215 3040 tem
235 2980 400 3050 intereos,
425 2979 478 3058 qui
498 2977 671 3038 siccitatem
691 2975 776 3039 illam
797 2975 933 3038 Atticam
954 2977 1133 3051 maluerint,
1155 2979 1247 3060 plane

151 3071 296 3136 eximium
314 3076 404 3136 luisse
422 3087 556 3136 constat.
581 3075 621 3136 Et
639 3074 823 3138 Ciceronem
843 3075 965 3155 quidem
984 3075 1133 3137 infensius
1153 3077 1192 3137 de
1211 3095 1255 3138 ec

148 3171 292 3254 judicare
304 3170 338 3234 in
352 3173 441 3234 Brut.
455 3190 485 3232 c.
495 3171 537 3234 ‚82
554 3167 650 3252 (conl.
662 3171 741 3253 Epp.
754 3171 793 3234 ad
806 3166 891 3236 divv.
904 3172 976 3243 XV,
989 3171 1043 3255 21)
1058 3191 1121 3235 uon
1135 3172 1247 3238 mirum

151 3272 319 3347 videbitur,
339 3271 366 3334 si
386 3271 542 3334 recordati
561 3271 720 3347 fuerimus,
737 3283 885 3352 quantem
898 3265 1066 3336 multorum
1079 3273 1246 3354 reprehen-

150 3371 269 3433 sionem
288 3389 421 3434 summus
440 3369 702 3445 maurentium,
719 3373 799 3451 quod
812 3370 972 3454 exemplis,
989 3391 1056 3452 quae
1069 3371 1170 3437 adhuc
1183 3371 1247 3434 lue·

150 3481 235 3541 rant,
258 3468 308 3529 vel
329 3469 430 3548 major
449 3467 566 3547 utique,
584 3468 635 3530 vel
652 3479 738 3530 certe
757 3466 880 3548 plenior
900 3481 933 3530 et
951 3469 1164 3532 vehementior
1184 3487 1248 3530 esse

150 3565 257 3629 vellet.
282 3567 411 3632 Calvum
430 3578 532 3628 autem
551 3566 639 3648 quasi
660 3566 835 3650 principem
854 3569 966 3633 horum
989 3567 1247 3649 reprehensorum

150 3661 244 3726 luisse
259 3675 392 3736 constat,
415 3675 450 3726 ut
462 3664 524 3745 'qui
545 3659 653 3727 neruis
673 3683 782 3728 carere
796 3663 978 3729 Ciceronem
993 3663 1125 3742 dixerim
1150 3665 1249 3724 sedet

151 3764 195 3824 M.
207 3765 334 3826 Brutum
354 3775 386 3826 et
406 3763 501 3829 multo
516 3762 612 3841 magis
626 3762 795 3828 Pollionem
810 3763 951 3828 Asinium
965 3765 1004 3828 ab
1019 3753 1078 3828 hae
1093 3761 1248 3828 sententia

152 3865 215 3923 ncn'
226 3861 443 3926 aliencafuisse
452 3875 643 3944 compartum
653 3863 811 3927 habemus.
822 3863 900 3926 Vide
909 3864 994 3928 Dial.
1003 3866 1041 3926 de
1050 3874 1145 3925 crett.
1154 3882 1183 3924 c.
1194 3864 1244 3937 18,

151 3958 218 4022 Cic.
239 3962 318 4043 Epp.
336 3962 376 4024 ad
393 3963 459 4024 litt.
472 3960 556 4036 XIV,
571 3961 628 4035 203
645 3962 700 4025 XV
727 3961 757 4034 1,
776 3961 824 4024 De
838 3973 901 4043 opt.
913 3980 985 4040 gen.
998 3973 1155 4024 oratorum
1171 3982 1200 4024 e.
1212 3961 1244 4024 l.

152 4055 320 4136 Exsanguia
337 4070 448 4124 contra
464 4071 497 4120 et
515 4059 640 4126 attritus
654 4057 799 4123 Ciceroni
817 4057 901 4122 visus
914 4071 972 4120 est.
999 4058 1061 4124 Sed
1078 4058 1201 4137 longam
1215 4073 1247 4120 et

153 4149 375 4232 iniquissimam
392 4154 479 4221 litem
497 4155 536 4220 de
553 4156 732 4238 principatu
746 4155 927 4236 eloquentie
941 4175 1011 4222 cum
1024 4155 1177 4224 Cicerone
1191 4156 1246 4219 ha·

166 4251 247 4328 buit,
262 4253 370 4335 judice
386 4256 465 4320 haru
489 4275 592 4348 rerum
608 4257 720 4338 perito,
738 4257 781 4318 Μ.
795 4256 924 4333 Seneca,
943 4256 1091 4321 Contrua.
1109 4257 1171 4328 lll,
1191 4255 1243 4318 19.
