3288 5344
719 461 765 537 65

237 604 290 668 50.
313 601 481 668 Orationes
493 612 597 664 antem
609 617 709 682 oeque
721 601 761 662 (b
770 599 889 684 scripto
902 599 1016 664 hobilae
1028 601 1143 686 (Wolf.
1155 609 1193 672 ad
1208 610 1289 674 Mar·

193 703 270 766 cell.
281 702 367 786 prael.
383 722 417 786 p.
433 699 535 784 ΙΙΙΙΙ),
558 717 619 762 nec
629 697 692 762 nisi
707 697 810 780 eapite
824 699 927 780 rulsso,
945 699 979 768 io
991 699 1103 784 prinas
1122 709 1248 772 exordia
1259 722 1292 770 et

193 803 423 886 perorationes,
443 799 583 875 chmtis,
599 809 766 881 autequam
781 799 956 878 diceretur,
972 803 1129 869 mndata.
1144 808 1240 882 Non,
1257 825 1293 874 nt

193 903 305 968 Cicero
318 903 407 980 dicit,
425 902 578 985 pleraeque
595 900 754 964 orationes
770 917 836 969 nou
853 900 1005 964 lroboadn
1017 901 1211 983 minantur,
1234 913 1292 975 sod

192 997 1289 1086 numm,nminat,omne24;oar.mj.e.1l‚0lue.11‚1;

191 1102 277 1164 (mul.
291 1102 389 1186 Wolf,
404 1104 427 1166 Ι.
443 1123 474 1164 c.
487 1101 540 1166 Sic
556 1097 730 1164 mationem
742 1119 800 1182 pm
818 1099 1294 1191 MiloneprimunaenneQuin·

191 1195 319 1260 cilianus
337 1198 426 1278 legit,
446 1197 599 1262 moenem
612 1217 660 1272 ea,
678 1215 772 1278 quam
790 1209 859 1280 post
873 1196 1062 1264 elaboratios
1080 1201 1218 1286 scripsit,
1234 1225 1293 1270 nec

192 1294 234 1357 ab
245 1295 309 1358 ulla
319 1295 669 1380 parcesemporandam
683 1314 745 1375 qua
755 1292 1050 1360 mauruntum
1061 1317 1171 1380 parum
1182 1314 1294 1365 oruata

193 1393 228 1456 in
242 1393 576 1479 amicioptimesoeaiti
586 1395 739 1478 monio,
755 1395 815 1458 nisi
824 1395 1066 1475 quoesoribendo
1075 1395 1290 1476 inchoaverat,

193 1496 393 1560 meditatione
416 1509 449 1559 et
470 1496 675 1579 extemporali
702 1495 804 1558 calore
828 1495 1005 1559 susurrus?
1026 1499 1094 1562 lioc
1121 1513 1184 1576 est,
1211 1505 1292 1584 quod

193 1594 438 1659 omnemne
452 1592 820 1678 (maismacense,
836 1595 926 1658 Brut.
942 1616 972 1659 e.
999 1595 1058 1684 44)
1077 1599 1174 1662 multa
1189 1601 1293 1684 capio

192 1689 228 1756 in
239 1693 455 1758 Ciceronianis
467 1713 532 1756 non
551 1694 671 1777 scripta
685 1695 738 1756 sed
752 1705 873 1756 mutum
887 1705 996 1757 natata
1009 1695 1086 1758 uest
1098 1699 1178 1781 Epp.
1195 1701 1220 1776 Ι,
1237 1701 1290 1774 20,

193 1791 226 1864 Ι,
241 1804 276 1853 ut
290 1811 348 1874 pro
359 1793 501 1864 Murena,
514 1803 547 1853 et
556 1793 694 1854 Vareno.
708 1790 746 1852 Et
757 1788 793 1852 in
800 1789 985 1856 Mureniana
995 1803 1112 1871 tameu,
1126 1797 1293 1862 Plutarcho

192 1900 283 1962 teste,
297 1891 366 1952 lere
383 1889 514 1951 mium
534 1889 749 1950 desudaverat.
769 1888 846 1971 (ξω
860 1908 951 1951 cama
973 1890 1099 1953 ridetur
1113 1891 1216 1970 luisse,
1236 1916 1293 1960 cnr

193 1988 385 2052 llumuimae
403 1987 688 2072 pars,vi1proeter
703 1987 968 2050 nomenclaturam
985 1990 1036 2051 vel
1048 1990 1176 2055 breuem
1187 2013 1293 2059 rernm

193 2083 385 2148 notationem
407 2086 575 2166 quidquam
595 2081 771 2156 conamur,
794 2083 956 2162 interiret3
983 2087 1101 2149 omnam
1117 2102 1201 2166 sont,
1222 2113 1293 2156 cum

192 2184 350 2257 edoctor,
366 2183 523 2264 pleniores
534 2178 755 2264 expositiones,
781 2200 822 2242 ne
834 2181 1004 2245 debiliores
1018 2183 1193 2265 legentibus
1209 2190 1293 2252 vide.

155 2307 160 2316 ·
193 2289 315 2342 mutar.
336 2280 457 2343 Deinde
468 2296 570 2340 cauae
581 2293 652 2358 que
668 2273 770 2338 miuus
782 2277 864 2340 liene
882 2277 1055 2360 placerent,
1073 2282 1123 2343 vel
1136 2301 1200 2346 non
1212 2283 1293 2349 bene

190 2379 389 2452 excidissent,
405 2397 470 2442 non
484 2377 738 2451 elaboraboutnr,
753 2379 808 2439 sed
822 2375 1081 2460 relinquebantur
1091 2383 1125 2445 in
1138 2398 1292 2450 conamen.

190 2478 292 2552 curiis,
309 2477 416 2559 quales
429 2477 525 2541 eliam
536 2473 711 2547 Ciceronis,
729 2471 805 2538 lieet
817 2479 1023 2560 extemporali
1036 2492 1069 2542 et
1081 2481 1293 2564 perfunctoria

186 2597 286 2661 opera
303 2576 518 2652 continuatos,
543 2595 614 2638 oum
629 2575 835 2638 admiratione
848 2577 955 2640 laudat
968 2578 1181 2663 Quintilianus
1195 2585 1234 2660 X,
1258 2587 1288 2662 Ι,

193 2676 246 2739 80.
260 2675 409 2740 nummu
425 2673 465 2736 de
480 2671 710 2736 commentariis
721 2673 895 2750 mneratim
908 2675 1062 2739 dicentem
1077 2683 1202 2744 consule
1214 2685 1243 2757 Ι,
1256 2681 1288 2756 8,

194 2773 252 2847 {93
276 2774 331 2849 ΙΙΙ,
349 2771 380 2845 6,
393 2771 453 2844 59;
469 2768 583 2830 Aacon.
601 2767 639 2828 ad
653 2766 743 2828 om.
760 2765 1059 2853 intogacandidap.
1073 2775 1113 2836 87
1130 2777 1289 2842 ed.0rell.

141 2908 148 2926 .
187 2869 243 2934 sic
255 2869 325 2932 Ser.
344 2864 487 2948 Sulpicii,
503 2862 593 2944 enjus
606 2875 670 2922 tres
688 2859 856 2924 elaboratae
869 2866 961 2943 vulgo
978 2865 1162 2932 terebantur
1178 2875 1291 2934 orado·

191 2986 260 3036 nes,
287 2962 537 3041 diligentissimos
557 2954 771 3040 Quintilianus
796 2959 1035 3024 commentarios
1055 2964 1170 3030 laudat.
1191 2969 1292 3032 Etiam

190 3056 417 3124 Ciceronianae
429 3077 486 3138 pro
500 3055 648 3131 Gabinio,
659 3056 795 3132 Vareno,
810 3057 936 3120 Vatinio
951 3059 1110 3124 orationes
1122 3066 1291 3146 nonmagis

191 3159 366 3225 comnmim
379 3157 471 3219 lnisoe
484 3156 668 3230 elaboratas,
691 3175 782 3238 mam
794 3157 925 3220 alteram
939 3178 997 3241 pro
1009 3162 1140 3242 Scauro,
1159 3165 1292 3231 ambitos

188 3276 258 3332 ree,
273 3273 345 3319 cum
360 3255 600 3338 mpetnndamm
623 3253 779 3316 absolutus
789 3266 880 3330 esset,
898 3275 989 3338 quam
1002 3259 1037 3320 in
1051 3265 1291 3328 commentarios

187 3355 322 3440 nigram
336 3353 480 3434 legerunt
488 3349 621 3434 Quintil.
635 3352 689 3425 lv,
707 3351 802 3428 1,oa,
817 3366 851 3414 et
861 3354 1042 3418 Asconiusl.
1056 3376 1086 3420 c.
1100 3357 1289 3424 Gabiniano

184 3469 295 3520 samen
308 3453 517 3544 fragmentum
537 3451 745 3536 Hieronymus
758 3451 894 3518 exhibet.
907 3457 1074 3519 addendus
1084 3459 1239 3524 Asconius
1253 3464 1287 3525 in

187 3557 382 3634 Argrrmeuto
403 3549 587 3615 latroniane.
608 3549 715 3631 Neque
730 3548 797 3612 rari
821 3551 1023 3616 similitudine
1047 3567 1144 3631 caret,
1168 3559 1284 3622 librum

188 3653 316 3716 ternum
326 3653 480 3714 decisum
488 3650 669 3724 Causarum,
686 3648 773 3732 cujus
785 3649 961 3716 testimonio
972 3651 1137 3717 Diomedes
1146 3657 1244 3720 utitur
1256 3662 1284 3733 l,

188 3773 222 3836 p.
235 3753 308 3828 365,
324 3753 435 3816 horum
450 3749 743 3814 commentariorum
763 3749 866 3822 inisse.
884 3754 963 3815 Nam
978 3750 1136 3816 auditione
1155 3771 1285 3840 excepta

187 3853 294 3936 capita
309 3871 373 3914 nou
392 3847 537 3924 «lineum,
558 3850 728 3931 presertim
746 3869 817 3911 cnm
830 3849 993 3916 Ciceronis
1010 3853 1200 3918 manufacta
1219 3872 1283 3920 eta

188 3955 304 4018 limae
317 3952 486 4033 composita
495 3949 709 4033 Quintilianus
720 3949 818 4014 dicat.

231 4055 378 4118 ridemus
389 4051 462 4114 inde
472 4063 619 4130 tanquam
629 4047 788 4131 peculiare
806 4049 951 4131 quiddam
966 4052 1110 4134 positum,
1126 4056 1282 4120 orationes
1317 4131 1319 4136 ,

189 4152 329 4225 totidem,
346 4161 420 4232 quot
432 4146 544 4210 habim
557 4145 662 4209 verbis
673 4144 747 4223 sint,
759 4149 962 4231 perscriptas,
980 4152 1060 4231 quod
1076 4153 1283 4219 dediorteusii

190 4267 248 4330 pro
262 4241 542 4312 Messalaoraoione
555 4245 589 4306 in
600 4245 697 4306 Bruto
708 4263 739 4306 c.
758 4247 993 4327 acceperimus.
1013 4248 1066 4312 Sic
1076 4249 1195 4314 Plinius
1207 4252 1230 4313 l.
1250 4270 1279 4313 c.

1112 4384 1131 4433 9
