3288 5344
896 473 944 546 ld

365 631 428 674 riou
449 611 484 672 L.
505 611 650 675 Crassum
672 611 727 673 sed
746 611 791 670 lllr
812 610 959 674 Crassum
977 608 1177 672 triumvirum
1199 618 1232 670 et
1255 605 1299 669 tt.
1319 605 1470 672 Catonem

292 725 295 744 ¹
366 709 547 778 Uticensem
558 705 674 772 notari.
690 709 769 772 Nam
779 727 879 788 nelpre
894 711 932 772 de
944 707 1040 771 claris
1052 708 1087 768 in
1100 707 1280 770 universum
1291 702 1471 769 oratoribus

367 809 529 885 Romanis,
555 810 609 872 sed
632 810 671 871 de
693 805 856 871 Ciceronis
869 807 1036 890 aequalibus
1049 807 1116 886 agi,
1141 817 1174 868 et
1192 806 1228 868 L.
1246 805 1403 877 Crassum,
1425 805 1468 866 M.

368 909 556 987 Antonium,
579 911 616 972 P.
628 909 800 992 Sulpicium
813 909 877 972 olio
889 907 959 974 loco
972 905 1033 992 (ll,
1049 908 1083 992 9)
1098 908 1174 970 satis
1186 925 1253 972 esee
1265 906 1415 969 laudatos.
1440 909 1472 968 ls

268 1081 273 1088 ,
366 1009 472 1092 igitur,
485 1009 540 1093 qui
553 1013 607 1074 hic
620 1023 802 1076 recensetur
814 1030 886 1072 oum
900 1009 970 1072 aliis
980 1009 1146 1093 Sulpicius,
1155 1007 1397 1092 jurisconsultus
1411 1019 1469 1083 est,

367 1123 400 1172 et
411 1109 489 1172 illud
504 1129 635 1193 saneque
649 1109 700 1168 M.
717 1107 863 1168 Crassum
881 1110 914 1170 id
932 1108 1032 1189 ipsum
1046 1105 1219 1188 significat,
1241 1103 1346 1186 aliqua
1362 1105 1471 1167 saltem

366 1208 457 1270 lande
467 1205 608 1288 dignum,
622 1227 798 1290 quanquam
808 1227 872 1270 non
881 1207 914 1271 in
924 1205 1119 1292 principibus
1129 1206 1234 1270 luerit.
1247 1205 1296 1267 De
1305 1206 1350 1268 M.
1359 1205 1471 1270 Crasso

367 1304 517 1368 videCic.
528 1306 617 1366 Brut.
628 1323 658 1368 c.
672 1305 771 1369 et-
780 1307 868 1367 lnter
878 1299 1010 1368 lascivos
1020 1316 1127 1386 poetas
1136 1313 1277 1366 nostrum
1289 1321 1360 1365 oum
1369 1301 1474 1363 multis

285 1448 289 1454 -
367 1403 774 1487 recensetPliniusEpp.V,
786 1404 817 1480 3,
831 1402 1069 1478 530vid.‘l'rist.
1081 1389 1217 1478 11,l'41.

411 1504 465 1566 38.
487 1500 566 1566 Cum
586 1502 739 1566 Cicerone
759 1501 855 1565 etiam
872 1498 953 1563 vixit
972 1500 1063 1563 annis
1082 1500 1189 1562 decem
1209 1499 1261 1561 vel
1279 1507 1350 1559 octo
1370 1497 1473 1559 minor

314 1633 317 1642 =
367 1601 421 1662 M.
441 1601 572 1662 Cnlr'clius
586 1602 628 1682 Q.
642 1601 683 1662 F.
707 1601 738 1662 ls
752 1611 800 1662 est
811 1601 852 1682 Q.
865 1599 1005 1664 Calidius
1022 1597 1110 1681 o'ujus
1128 1597 1292 1678 rogatione.
1309 1593 1473 1658 tribunitia

305 1731 309 1744 ·
368 1702 511 1764 Metellus
525 1700 706 1763 Numidicus
719 1698 754 1761 in
769 1695 930 1761 civitatem
944 1711 991 1760 est
1004 1697 1177 1761 restitutus.
1200 1695 1288 1758 Conl.
1305 1697 1419 1758 Asson.
1434 1695 1474 1756 ad

251 1873 253 1878 Ι
370 1797 499 1860 Verrin.
512 1799 541 1874 l,
556 1797 608 1860 13.
624 1795 763 1862 Calidius
777 1807 884 1858 orator
898 1795 1043 1878 pretorio
1054 1807 1154 1877 patre,
1168 1795 1221 1856 sed
1232 1793 1473 1874 repetundarum

370 1901 517 1963 darnnmo
538 1911 628 1960 natus
647 1911 779 1980 quaestor
798 1897 893 1980 luisse
912 1893 1015 1958 videri
1036 1908 1139 1978 potest
1156 1913 1239 1958 anno
1259 1894 1318 1957 687
1330 1893 1382 1957 vcl
1393 1893 1473 1968 6863

369 1995 515 2059 tribunus
529 1995 630 2079 plebis
644 2017 675 2058 a.
689 1996 764 2061 692.
781 1997 860 2058 Nam
872 2005 986 2078 prator
1001 2015 1039 2059 eo
1057 2012 1141 2056 anno
1156 1991 1223 2065 luit,
1237 2011 1297 2072 quo
1308 1991 1350 2055 M.
1363 1990 1475 2054 Cicero

367 2093 541 2170 restitutus,
563 2091 759 2172 P.‚Lentulo,
774 2093 816 2173 Q.
837 2088 962 2152 Metello
977 2088 1063 2152 Coss.
1080 2088 1179 2172 (696);
1195 2107 1255 2170 qua
1269 2088 1308 2148 de
1322 2106 1358 2150 rc
1372 2085 1412 2147 oh
1425 2085 1474 2148 in·

368 2191 470 2272 signia
489 2194 529 2256 de
548 2211 602 2254 suo
620 2193 741 2253 honore
759 2189 871 2253 merita
890 2189 1000 2251 Cicero
1018 2187 1116 2252 variis
1132 2187 1210 2251 locis
1230 2184 1475 2270 splendidissime

367 2287 485 2369 gratias
500 2289 576 2366 agit.
593 2289 660 2349 Neo
674 2299 826 2368 preterea
840 2285 1007 2372 quidquam
1021 2286 1059 2348 de
1073 2285 1168 2348 rebus
1183 2283 1275 2365 hujus
1286 2283 1360 2361 viri,
1373 2299 1414 2346 ut
1427 2285 1473 2346 ui·

371 2385 475 2461 detur,
491 2404 555 2446 non
570 2381 673 2446 minus
686 2383 867 2462 integritate
881 2403 975 2464 quam
995 2382 1171 2462 eloquentia
1190 2381 1332 2460 insignis,
1352 2383 1475 2463 accepi-

369 2505 449 2560 mus,
457 2497 664 2567 praeterquam
673 2485 756 2564 quod
764 2484 848 2546 bello
858 2485 944 2548 civili
954 2485 1096 2566 partibus
1102 2483 1288 2548 Caesarianis
1298 2485 1475 2558 accesserit,

370 2594 403 2642 et
417 2582 482 2643 aC.
497 2581 580 2645 Julio
594 2581 707 2646 Galliae
718 2579 883 2664 Cisalpinae
896 2581 1060 2664 praelectus
1070 2582 1240 2645 Placentiae
1251 2581 1332 2644 diem
1348 2581 1472 2666 obierit.

370 2679 451 2744 Vide
466 2679 545 2744 Cas.
558 2682 596 2742 Β.
607 2681 678 2744 Civ.
692 2682 719 2757 1,
734 2680 765 2756 ll,
780 2681 894 2744 Euseb.
906 2680 1024 2744 Chron.
1038 2682 1077 2742 ad
1094 2701 1124 2741 a.
1140 2679 1243 2745 1960:
1260 2680 1342 2742 conl.
1356 2681 1472 2760 Scalig.

370 2797 403 2861 p.
417 2778 490 2855 143,
510 2800 601 2862 wem
620 2780 738 2855 nollem
759 2777 812 2842 hic
833 2792 865 2841 et
888 2781 928 2842 ad
950 2801 980 2842 a.
996 2779 1076 2843 1953
1093 2779 1263 2854 dubitasse,
1280 2779 1415 2840 Calidius
1435 2799 1476 2841 an

372 2875 525 2938 Callidius
537 2877 737 2941 scribendum
754 2873 806 2940 sit.
829 2877 1002 2960 Eloquendi
1018 2889 1240 2960 preceptorem
1254 2873 1476 2958 Apollodorum

371 2973 483 3036 habuit
501 2975 746 3056 Pergamenum,
770 2975 824 3056 qui
846 2975 929 3036 idem
952 2977 1125 3054 Augustum
1145 2972 1300 3037 Caesarem
1322 2973 1476 3046 erudivit3

370 3071 672 3146 testatanusehius
692 3070 819 3134 ibidem.
844 3069 952 3150 Neque
972 3069 1129 3152 abjectum
1149 3069 1235 3131 inter
1254 3080 1393 3132 oratores
1413 3068 1478 3152 ejus

370 3167 462 3232 luisse
477 3185 591 3232 nomen
605 3172 718 3234 seimus
736 3189 775 3232 ex
794 3168 862 3232 Cic.
882 3171 971 3230 Brut.
990 3189 1021 3232 c.
1034 3171 1085 3246 ta,
1105 3168 1158 3247 80,
1179 3171 1232 3252 qui
1251 3169 1423 3252 perfectum
1443 3171 1476 3231 in

372 3266 524 3340 dicendo,
540 3279 670 3342 ornatu,
687 3265 824 3350 eloquio,
841 3278 928 3344 gestu
942 3267 1116 3349 elegantem
1129 3268 1327 3350 pronuntiat,
1344 3287 1404 3330 nec
1418 3264 1476 3329 uisi

373 3367 571 3431 vehementia
586 3366 723 3431 caruisse
742 3369 837 3431 dolet.
862 3368 941 3432 Cum
959 3370 1019 3434 hoo
1037 3370 1156 3453 judicio
1170 3368 1384 3453 Quintilianus
1405 3371 1477 3434 licet

374 3468 621 3546 conseratuer,
637 3469 754 3546 3,123,
772 3470 1012 3548 etx11‚10,139.
1029 3469 1191 3534 Ciceronis
1210 3471 1343 3533 amicum
1364 3484 1397 3532 et
1414 3470 1478 3554 ejus

374 3565 498 3630 dioendi
515 3568 624 3647 generi
644 3579 676 3630 et
694 3568 803 3630 studiis
816 3567 1063 3630 deditum-luisse
1078 3568 1284 3648 colligendum
1298 3569 1424 3631 videtur
1440 3591 1477 3632 ex

372 3662 509 3747 ejusdem
523 3665 633 3747 Quint.
647 3664 840 3740 testimonio,
863 3665 915 3744 qui
936 3684 1006 3727 eum
1026 3683 1125 3748 pazzar
1138 3666 1242 3749 gratia
1253 3685 1311 3745 pro
1324 3667 1417 3726 domo
1429 3665 1477 3728 Ci-

365 3760 497 3823 eeronis
511 3761 623 3824 dixisse
636 3772 783 3840 testatur,
800 3775 833 3823 et
845 3761 906 3822 hoc
919 3762 1022 3824 senior
1035 3761 1110 3822 lecit
1128 3773 1161 3822 et
1174 3763 1348 3844 pretorius.
1366 3759 1419 3850 [V.
1434 3764 1473 3826 lr.

373 3877 406 3937 p.
420 3858 481 3923 200
491 3855 555 3948 sq.]
564 3861 711 3943 Exempla
727 3872 830 3923 autem
840 3857 1029 3942 Quintiliani
1043 3861 1204 3942 desumpta
1218 3874 1291 3924 sunt
1300 3883 1339 3924 ex
1352 3859 1474 3925 actione

373 3950 407 4015 in
418 3956 458 4038 Q.
470 3956 608 4020 Gallium
622 3955 823 4030 nobilissima,
840 3959 879 4019 de
892 3977 955 4040 qua
968 3970 1073 4021 tamen
1087 3958 1170 4020 haud
1182 3959 1352 4023 mediocris
1361 3974 1409 4022 est
1420 3962 1477 4022 dis·

373 4055 475 4118 sensio
495 4068 528 4118 et
546 4057 747 4123 inoertitudo.
774 4061 855 4122 Nam
874 4057 1092 4122 Ciceronianae
1113 4060 1298 4122 defensionis
1317 4061 1404 4122 locus
1425 4061 1476 4142 qui

373 4158 449 4218 adeo
463 4157 581 4239 placuit
595 4173 777 4246 τεχνογράφοις,
788 4172 823 4220 ut
832 4160 921 4223 varie
932 4159 999 4242 ejus
1010 4159 1186 4224 testimonio
1201 4173 1378 4236 uterentur,
1393 4163 1477 4224 velut

373 4255 486 4341 Aquila
496 4261 585 4322 Rom.
598 4281 630 4344 p.
644 4261 701 4324 144
710 4262 759 4324 ed.
772 4261 897 4325 Ruhnk.
909 4275 939 4328 et
948 4261 1135 4330 Severianus
1146 4283 1177 4345 p.
1188 4262 1250 4325 338
1259 4262 1308 4324 ed.
1323 4262 1472 4347 cappae,
1526 4244 1530 4254 ’
