3200 5344
665 397 733 468 217

144 533 234 609 dens,
259 534 327 596 sine
348 533 561 598 controversia
579 533 704 596 Servius
720 533 822 596 Galba
840 533 1014 616 eloquentia
1039 539 1194 620 pressius,
1215 553 1248 604 et

146 638 293 700 nimirum
314 633 342 697 is
361 636 508 724 priuoeps
523 655 566 698 ex
583 633 705 700 [eduis
717 636 772 700 illa
785 648 945 702 oratorum
960 639 1087 721 propria
1105 654 1137 704 et
1157 645 1247 724 quasi

144 737 281 818 legitima
307 756 403 820 opere
426 735 586 810 tractavit,
612 747 647 798 ιιι
668 737 875 816 egrederetur
892 757 912 800 a
931 737 1090 822 proposito
1112 743 1247 806 ornandi

144 859 250 908 eausa,
266 849 301 900 ut
311 837 483 900 delectaret
496 836 628 912 unimus,
645 848 681 898 ut
703 849 913 918 permoveret,
929 850 965 900 ut
978 853 1107 918 augeret
1119 859 1197 911 rem,
1213 856 1249 903 ιιι

144 935 462 1011 strenuissimus
482 934 697 1000 communibus
715 936 792 1002 toris
808 949 962 1002 uteretur.
983 937 1046 1002 Sed
1060 940 1249 1023 necisque

143 1036 236 1097 meda
248 1033 351 1117 hujus,
374 1031 599 1116 quemuemtat
615 1033 794 1116 eloquentia
808 1031 999 1116 praestitisse,
1019 1036 1166 1098 esidorus
1177 1057 1250 1098 ora·

144 1135 244 1194 rienes
257 1146 328 1194 suut
340 1144 374 1196 et
386 1130 564 1196 redolentes
578 1131 678 1211 magis
690 1131 908 1214 antiquitatem
924 1151 1016 1214 quam
1031 1145 1084 1196 aut
1097 1132 1185 1196 laelii
1197 1149 1251 1198 aut
1279 1153 1345 1226 107

141 1227 300 1314 Scipionis
313 1243 369 1294 aut
384 1227 480 1296 etiam
497 1229 592 1312 ipsius
610 1229 750 1304 Catonis,
775 1229 880 1312 itaque
898 1237 1102 1320 exaruerunt,
1117 1227 1174 1294 vix
1181 1231 1250 1315 jam

139 1340 187 1390 ιιι,
198 1339 382 1410 appareant.
398 1360 443 1376 ·-
459 1328 500 1390 Et
513 1325 591 1388 ibid.
610 1345 642 1389 c.
659 1327 700 1390 23
717 1339 751 1390 et
767 1327 819 1390 24.
836 1325 986 1412 (Videtur
1004 1340 1111 1392 tamen
1131 1327 1251 1402 Fronto

142 1431 300 1496 orationes
309 1428 418 1496 Galbae
427 1427 548 1510 legisse,
564 1428 656 1494 sicuti
668 1449 708 1492 ex
722 1428 820 1512 Epist.
836 1429 899 1508 111,
909 1429 1157 1504 sonandarum
1180 1443 1239 1494 est.

185 1525 269 1592 Livii
280 1529 363 1612 Epit-
377 1529 481 1602 XLIX
495 1533 623 1615 :Quum
636 1531 673 1594 1..
688 1528 871 1596 Scribonius
889 1526 1035 1596 tribunus
1049 1530 1094 1612 pl.
1113 1531 1248 1610 rogatiu-

140 1645 215 1696 uem
226 1627 463 1708 promulgasset,
480 1641 514 1690 ut
530 1627 682 1700 Lusitani,
698 1626 753 1708 qui
766 1626 800 1688 in
815 1625 908 1696 fidem
923 1627 1030 1712 populi
1042 1629 1176 1692 Romani
1192 1630 1247 1692 de-

140 1720 200 1785 diti
214 1743 233 1785 a
247 1724 319 1787 Ser.
342 1724 446 1788 Galba
468 1723 502 1786 in
520 1725 657 1789 Galliam
673 1723 840 1798 venisseut,
864 1723 899 1786 iu
914 1723 1091 1790 libertatem
1105 1725 1249 1789 restitue·

139 1834 264 1896 rentur,
280 1821 324 1885 Μ.
337 1821 416 1886 Cato
438 1823 593 1884 acerrime
610 1818 719 1886 suasit.
732 1815 772 1902 Q.
788 1820 915 1884 Fulvius
933 1819 1076 1889 Nobilior
1089 1823 1249 1908 respondit

139 1939 199 2002 pro
219 1919 335 1996 Galba,
348 1922 417 2004 ipse
437 1939 557 2004 quoque
577 1921 682 1986 Galba
705 1939 777 1982 cum
796 1940 830 1984 se
848 1917 996 1986 damnari
1010 1923 1145 1997 videret,
1164 1944 1246 1990 cum·

138 2016 249 2096 plexus
259 2017 336 2079 duos
347 2013 428 2078 filius
440 2029 638 2100 praetextatos
652 2029 684 2080 et
696 2013 829 2099 Sulpicii
838 2016 925 2081 Galli
936 2013 1046 2091 liliam,
1064 2017 1151 2102 eujus
1162 2033 1248 2085 tutor

137 2126 221 2189 erat,
237 2115 282 2176 ita
294 2113 518 2180 miserabiliter
534 2115 654 2180 locutus
667 2126 728 2190 est,
743 2126 779 2176 ut
792 2113 915 2195 rogatio
934 2115 1161 2197 antiquaretur.
1173 2142 1197 2179 x
1236 2155 1249 2172 ·

134 2226 220 2272 stam
240 2226 304 2274 tres
323 2217 480 2274 orationes
496 2207 566 2296 ejus
575 2241 591 2294 ,·
617 2213 687 2274 duce
706 2211 851 2275 adversus
869 2209 1021 2272 laibonem
1035 2213 1190 2278 tribunum
1200 2217 1247 2297 pl.

136 2313 394 2394 rogationemque
407 2307 476 2394 ejrss
495 2307 605 2372 babitus
628 2311 667 2370 de
688 2307 856 2384 Lusitanis,
874 2329 934 2367 una
955 2324 1061 2370 contra
1081 2307 1121 2372 L.
1148 2312 1244 2376 Corn.
1340 2307 1342 2310 ’

141 2407 320 2490 Cedregam,
335 2413 368 2469 in
386 2431 445 2496 qua
466 2410 640 2486 Lusitanos,
650 2422 784 2490 propter
804 2428 838 2470 se
857 2421 960 2468 castra
975 2405 1130 2484 lubartes,
1148 2433 1248 2476 cresus

127 2504 264 2588 soterum,
278 2505 364 2590 quud
382 2519 572 2586 οοιιιρενιιιιιι
596 2503 746 2578 babuerit,
764 2524 845 2589 equo
869 2518 960 2590 atque
973 2503 1102 2568 bomine
1116 2529 1172 2572 suo
1185 2515 1247 2570 ritu

132 2601 322 2672 immolatis,
333 2621 393 2680 per
406 2606 544 2681 speciem
561 2606 650 2680 pacis
664 2602 781 2662 mlum
800 2605 971 2661 exercitum
985 2623 1071 2662 suum
1091 2609 1125 2664 iu
1135 2611 1243 2682 animo

134 2696 290 2766 mamm.
905 2689 908 2699 “

170 2863 214 2917 Μ.
234 2863 317 2930 Cato]
336 2879 407 2918 auno
420 2864 482 2916 604.
497 2859 586 2934 liujus
604 2879 691 2916 cauete
711 2861 779 2913 lauta
790 2872 832 2913 est
850 2861 950 2914 mentio
966 2861 995 2914 in
1009 2863 1067 2918 Ciu.
1084 2867 1123 2918 De
1135 2879 1202 2920 urat.
1217 2869 1240 2934 l,

209 2947 254 3009 bd,
268 2943 388 3012 Quintil.
395 2943 433 3008 tl,
447 2946 526 3006 tau,
540 2945 623 2998 Cura.
632 2942 771 3014 Nepffiat.
784 2959 810 2996 ιι.
821 2945 847 3006 l,
858 2943 970 2998 steron.
982 2943 1066 2996 Gelb.
1077 2961 1101 3000 u.
1117 2949 1144 3012 3,
1154 2948 1241 3013 etim.

206 3029 300 3104 primis
313 3029 342 3082 in
354 3028 440 3085 cicer.
460 3029 536 3084 Brut.
555 3047 582 3086 u.
597 3031 642 3084 23.
662 3026 743 3082 cant.
753 3028 865 3082 Catonis
879 3028 965 3084 orado
979 3029 1008 3085 iu
1025 3029 1100 3084 Serv.
1114 3033 1239 3103 Galbam,

207 3137 238 3190 p.
254 3118 286 3170 58
300 3133 341 3187 sq.

180 3229 417 3324 [Adscribimus
435 3233 538 3298 locum
552 3235 716 3298 Frontonis
737 3235 827 3298 modo
841 3229 910 3308 cit„
938 3253 976 3316 p.
995 3231 1036 3300 85
1052 3235 1101 3298 ed
1121 3235 1236 3301 Rom:

135 3360 150 3390 ι
163 3323 394 3420 Galbamcerte
401 3336 440 3396 ad
450 3333 677 3398 Centumcellas
686 3329 886 3418 (rillamulim
894 3331 1034 3416 Trajani)
1045 3336 1235 3418 produces...
1337 3343 1338 3348 ’

132 3433 212 3499 Cato
229 3433 302 3516 quid
315 3429 402 3496 diuet
413 3435 452 3496 de
467 3433 572 3498 Galba
593 3432 744 3517 absoluto,
765 3447 799 3496 tu
812 3429 923 3496 melius
934 3430 1021 3500 seiae
1042 3447 1099 3514 ego
1111 3439 1239 3502 memini

132 3545 263 3616 propter
283 3529 363 3592 lilios
376 3549 445 3593 eum
460 3529 632 3592 absolutum
643 3551 651 3604 3
664 3533 691 3598 rt
707 3529 735 3584 u
750 3530 846 3602 ἀκριβιι
860 3525 926 3610 ipse
936 3529 1066 3611 inspice.
1086 3529 1164 3594 Cato
1178 3530 1237 3614 igi·

130 3641 184 3694 tur
201 3631 357 3696 dissuadet
371 3651 451 3693 neve
467 3646 537 3694 suus
553 3649 632 3692 neve
655 3626 773 3691 alienos
787 3625 856 3708 quis
869 3628 987 3691 liberos
1004 3631 1046 3691 ad
1060 3628 1237 3696 miseriror-

130 3728 215 3792 diam
240 3729 466 3792 conciliandam
492 3729 654 3810 producat,
680 3743 758 3787 neve
780 3740 908 3800 exures,
932 3745 1015 3787 neve
1029 3723 1158 3803 adfines,
1186 3734 1236 3794 vel

131 3823 212 3888 ullas
226 3823 352 3889 omnino
370 3824 512 3888 feminas.
525 3819 555 3913 s]
1113 3869 1115 3876 .

174 3927 305 3992 Causam
322 3928 387 4008 egit
400 3927 501 3992 Galba
519 3926 679 3989 deferente
692 3923 784 3986 Laelio
799 3941 857 4010 pm
865 3924 1040 4004 patarenis
1054 3945 1089 3994 a.
1102 3929 1146 3994 U.
1158 3921 1231 3994 615.

130 4024 169 4087 V.
188 4047 330 4110 supra-p.
355 4029 406 4092 98.
429 4061 473 4074 ·-
486 4024 555 4090 Cic.
576 4029 665 4090 Brut.
686 4047 715 4088 e.
735 4023 800 4086 ιιι
829 4025 930 4088 «Tres
948 4025 1234 4108 Sulpicii-oratores

128 4122 253 4187 fuerunt
268 4121 478 4196 celeberrimi>
498 4121 550 4186 bie
564 4123 690 4187 Servius
713 4117 867 4204 Sulpicius
881 4121 996 4212 Galba,
1023 4125 1059 4185 P.
1080 4123 1233 4208 Sulpicius

130 4218 236 4304 butus,
250 4219 380 4287 Servius
396 4219 549 4307 Sulpicius
563 4222 702 4298 Rulus,a
716 4221 755 4283 de
770 4217 882 4303 quibus
893 4218 975 4284 inira
992 4218 1126 4284 diuetur.

1083 4339 1116 4388 28
