3218 5320
884 441 950 514 344

364 601 430 651 tam
445 588 479 650 ia
494 589 641 669 iugenio:
658 584 803 668 corporis
816 584 995 665 magnitudo
1010 583 1193 666 conspicua,
1209 582 1346 644 1111111111
1361 581 1467 644 valen-

363 683 489 764 tissima
503 685 627 748 vocis...
651 684 772 746 Deinde
785 684 868 766 ipsa,
886 700 953 763 quae
965 680 1109 756 dicebat,
1126 680 1256 742 meliora
1270 692 1362 740 erant
1376 699 1471 759 quam

364 807 431 868 quae
444 785 574 850 sciebat.
593 787 652 851 Vir
668 787 752 848 enim
766 783 928 868 presentia
940 783 1039 846 animi
1055 789 1088 845 el
1102 781 1227 864 majoris
1242 778 1362 859 ingenii
1376 801 1471 861 quam

362 887 456 949 studii
477 887 575 968 magis
588 886 733 969 placebat
752 886 786 946 in
806 886 937 967 bisqure
950 884 1145 960 inveniebat,
1167 899 1259 962 qnam
1281 881 1315 940 in
1335 879 1473 960 hisquae

364 987 521 1049 attulerat.
545 988 616 1047 Jam
629 1007 707 1048 vero
725 986 824 1047 iratus
843 985 1032 1048 commodine
1045 981 1180 1045 dicebat.
1206 982 1279 1042 ldeo
1294 977 1470 1058 diligentis·

363 1084 440 1146 sitne
461 1086 617 1148 cavebant
637 1084 789 1159 homines,
813 1103 853 1147 ue
873 1079 1030 1144 dicentem
1050 1079 1300 1162 interpellarent.
1322 1081 1396 1144 Uno
1417 1075 1471 1138 die

366 1183 469 1264 plures
485 1183 624 1263 privatas
645 1180 767 1261 agebat,
791 1179 946 1262 publicam
959 1199 1036 1244 vero
1050 1195 1209 1258 uunquam
1230 1171 1363 1257 amplius
1376 1195 1471 1256 quam

364 1301 459 1344 unam
470 1303 532 1345 runo
544 1284 607 1345 die.
624 1285 689 1345 Nec
704 1295 806 1345 tamen
822 1283 898 1356 scio,
913 1301 1003 1362 quem
1017 1299 1104 1343 reum
1120 1277 1168 1341 illi
1182 1279 1348 1340 delendcre
1362 1277 1424 1338 nisi
1438 1297 1473 1340 se

363 1379 547 1458 contigerit3
567 1381 643 1442 adeo
654 1399 811 1460 nunquam
822 1379 916 1442 ullam
927 1379 1090 1440 materiam
1106 1377 1230 1440 dicendi
1245 1375 1307 1438 niai
1322 1373 1473 1458 periculis

363 1479 554 1540 snisbabuit.

406 1580 539 1662 Quintil.
558 1582 598 1656 X,
620 1581 649 1653 1,
670 1579 748 1640 1161
766 1580 874 1654 Multa,
892 1581 918 1640 si
933 1599 1001 1640 cnm
1013 1578 1131 1662 judicio
1146 1578 1277 1658 legatur,
1294 1577 1384 1638 dabit
1401 1573 1472 1638 imi·

363 1680 481 1741 tatione
493 1679 588 1760 digna
601 1680 726 1744 Cassius
739 1679 882 1756 Severus,
899 1679 963 1761 qui,
980 1679 1006 1742 si
1020 1674 1134 1742 ceteris
1146 1677 1317 1740 virtutibus
1330 1679 1472 1740 colorem

364 1791 396 1838 ct
419 1779 604 1855 gravitatem
625 1765 778 1840 orationis¹
797 1773 976 1859 adjecisset,
1004 1779 1165 1860 ponendus
1187 1779 1274 1840 inter
1298 1777 1473 1857 praecipnos

364 1874 456 1938 lorct.
481 1879 561 1940 Nam
583 1892 614 1942 et
635 1878 753 1958 ingenii
773 1879 941 1961 plurimum
963 1881 997 1941 in
1017 1899 1056 1941 eo
1077 1891 1135 1952 est,
1159 1893 1191 1942 et
1210 1877 1366 1941 acerbitas
1390 1874 1472 1938 mira
1553 1937 1558 1952 ,

362 1992 396 2041 et
423 1978 587 2043 urbanitas
609 1982 675 2063 ejus
700 2001 838 2058 summa,
867 1982 920 2043 sed
949 1983 1018 2063 plus
1045 1983 1202 2044 stomacho
1227 1999 1319 2062 quam
1341 1977 1472 2042 consssio

360 2077 456 2139 dedit.
479 2081 636 2144 Praeterea
655 2091 689 2140 ut
709 2077 809 2142 amari
827 2079 919 2151 11111,
942 2076 986 2140 ita
1007 2080 1187 2160 frequenter
1204 2079 1382 2141 amaritudo
1402 2078 1470 2159 ipsa

361 2177 493 2239 ridicula
512 2191 569 2240 est.

404 2271 490 2336 Dial.
503 2276 541 2335 de
553 2286 644 2335 oratt.
660 2295 690 2335 c.
704 2275 761 2336 19:
778 2276 939 2356 Quatenus
955 2273 1152 2356 antiquorum
1168 2269 1376 2336 admiratores
1386 2273 1470 2336 bunc

361 2373 448 2436 velut
466 2369 634 2435 terminum
653 2371 845 2453 antiquitatis
864 2374 1053 2438 constituere
1073 2373 1187 2446 solent,
1208 2394 1299 2454 quem
1317 2375 1471 2454 usquead

358 2467 503 2530 Cassium
520 2468 671 2531 Severum
691 2467 822 2546 faciunt,
842 2490 933 2552 quem
954 2473 1089 2553 primum
1108 2471 1266 2532 affirmant
1286 2467 1411 2532 flexisse
1429 2471 1471 2531 ab

360 2562 417 2626 illa
437 2581 541 2628 vetere
562 2579 655 2649 atqua
674 2569 794 2631 directa
816 2567 940 2630 dicendi
959 2567 1034 2631 via:
1059 2589 1120 2632 non
1143 2567 1325 2630 infirmitate
1347 2571 1470 2650 ingenii

363 2683 422 2726 nec
432 2661 559 2726 inscitia
568 2661 730 2727 literarum
745 2666 938 2729 transtulisse
949 2686 983 2728 se
994 2668 1031 2728 ad
1044 2663 1169 2729 dicendi
1181 2685 1280 2744 genus
1294 2669 1465 2740 contendo,

361 2766 417 2826 aed
428 2761 547 2845 judicio
563 2779 596 2828 et
609 2765 781 2830 intellectu.
797 2765 884 2830 Vidit
898 2787 1047 2849 natuque,
1073 2787 1141 2832 oum
1156 2769 1337 2832 conditione
1349 2782 1467 2852 tempo-

361 2887 431 2928 rum
444 2887 484 2928 ac
501 2864 681 2932 diversitate
696 2869 816 2931 aurium
830 2869 960 2932 formam
972 2887 1092 2950 qnoque
1106 2890 1144 2932 ao
1160 2871 1297 2950 specium
1314 2868 1469 2932 orationis

354 2987 427 3031 ‘csse
445 2969 635 3030 mutandam.

404 3069 485 3130 lbid.
501 3089 531 3129 c.
543 3067 603 3129 26:
617 3067 766 3148 Equidem
779 3087 843 3132 non
860 3070 1038 3149 negaverim
1048 3070 1188 3134 (1111111111
1195 3071 1359 3143 Sanum
1373 3091 1467 3153 quera

357 3165 458 3226 solum
473 3167 558 3242 Aper
573 3176 679 3225 noster
692 3165 857 3228 nominare
876 3185 969 3228 ausus
987 3181 1051 3239 est,
1073 3168 1100 3230 si
1119 3166 1159 3230 iis
1177 3179 1391 3251 comparetur,
1413 3171 1467 3250 qta'

358 3270 466 3340 postam
487 3257 630 3332 luerunt,
652 3278 745 3341 potae
764 3275 921 3326 oratorum
942 3265 1065 3336 vocari,
1090 3285 1273 3347 quamquam
1294 3266 1329 3328 in
1348 3287 1466 3346 magna

359 3369 451 3437 parte
465 3354 618 3420 librorum
637 3377 761 3418 suorum
775 3361 844 3442 plns
858 3361 904 3424 vis
918 3361 1033 3424 babeat
1047 3383 1138 3443 quarn
1152 3364 1323 3444 sanguinis.
1341 3365 1464 3428 Primus

361 3452 445 3520 orrim
461 3469 638 3538 contempto
650 3455 760 3521 ordine
774 3481 893 3536 rerum,
908 3461 1021 3526 omissa
1036 3463 1187 3528 modestia
1204 3485 1244 3528 ac
1261 3467 1380 3548 pudore
1392 3486 1462 3528 ver·

360 3552 483 3628 horon,
505 3549 580 3635 ipsis
601 3554 696 3616 ctiam
711 3557 820 3637 quibua
839 3560 937 3622 utitur
953 3560 1050 3622 armis
1069 3558 1291 3644 incompositus
1309 3577 1343 3626 ct
1358 3561 1463 3628 stadio

361 3649 492 3712 feriendi
507 3651 687 3732 plerumque
701 3652 840 3734 dejectus
854 3675 919 3718 non
933 3671 1066 3738 pugnat,
1083 3660 1137 3720 sed
1150 3659 1285 3722 rixatur.
1301 3659 1459 3736 Ceterum,

260 3756 328 3833 227
363 3747 1461 3842 11111111,111111111111111111111111111111111111111111111111111111111

358 3847 546 3912 urbanitatis
564 3853 750 3934 criptarum
767 3851 882 3918 virium
903 3856 1017 3918 robore
1033 3857 1163 3920 multum
1178 3872 1301 3922 *cetoros
1320 3874 1458 3944 superat,

354 3967 489 4028 qnorum
509 3949 666 4012 neminem
690 3954 776 4035 Aper
801 3953 963 4016 raominare
987 3969 1019 4016 et
1040 3957 1125 4018 velut
1146 3958 1180 4017 in
1206 3959 1306 4021 aciem
1325 3963 1460 4022 1111111111

357 4047 512 4110 1111111111.

400 4144 501 4211 Tacit.
516 4150 700 4227 1111111,
715 4152 751 4213 tt
765 4173 773 4213 =
789 4154 978 4216 Relatum
991 4156 1029 4218 de
1040 4155 1148 4219 Cassio
1158 4157 1278 4222 &aare
1290 4161 1392 4236 exule,
1406 4161 1460 4243 qui

354 4248 488 4310 sordidae
502 4249 644 4328 originis,
660 4249 808 4314 malefice
821 4253 905 4328 vitm,
923 4257 981 4316 sed
1002 4257 1114 4322 orandi
1132 4261 1253 4324 calidae
1272 4281 1329 4344 por
1348 4261 1458 4328 immo·
