3212 5326
855 389 920 460 180

332 530 423 595 raub-
444 527 550 609 Antiq.
572 548 598 588 s.
611 547 643 587 v.
663 524 792 607 prebat.
810 521 1137 613 [Omiserstltleyerus
1150 525 1249 590 uerba
1264 527 1427 608 lragmenti

332 645 389 691 eet.
404 651 429 691 s.
444 633 471 688 si
480 649 510 686 n.
1281 671 1284 678 .

372 729 497 794 Servius
512 625 551 788 iu
562 727 651 807 Virg.
666 727 771 807 Eclog.
743 727 840 804 le,
845 730 891 790 5:
908 727 986 791 Cato
998 730 1034 792 de
1050 747 1104 792 suo
1119 730 1298 792 consulatu:
1315 731 1428 789 Omnia

331 829 370 888 ob
386 833 505 906 integro
517 825 658 902 parando
672 839 769 882 emm.

372 925 492 990 Gellius
506 924 561 997 IV,
578 923 635 983 ll·
651 923 693 982 M.
706 923 807 986 Cato'
798 943 832 984 m
847 925 1000 1000 oratione,
1019 943 1110 1006 qnam
1132 922 1171 987 d'e
1192 924 1354 986 consulatu
1375 937 1427 988 suo

330 1021 455 1084 habuit:
470 1021 521 1080 Ito
534 1017 724 1100 los,1nquit,
728 1020 810 1099 fert
813 1035 919 1082 nemus
932 1023 974 1080 nd
989 1027 1131 1100 priorem
1143 1022 1345 1104 Pyrenaeum,
1356 1043 1428 1106 quos

327 1120 452 1204 projicit
466 1125 499 1180 in
513 1120 620 1179 altum.

263 1297 265 1304 ι
365 1262 402 1312 ad
408 1263 519 1332 priorem
526 1259 696 1326 Pyrenoeum]
703 1255 844 1330 legendum
853 1253 1000 1330 aripertum
1008 1259 1167 1332 Pyrenoeum
1178 1277 1211 1311 ex
1220 1257 1296 1312 Livio
1307 1227 1427 1324 XXXIV,

396 1335 435 1398 Ι81
455 1348 501 1398 M.
517 1343 628 1397 Porcius
645 1345 750 1408 consul,
767 1358 905 1418 postquam
923 1349 1052 1417 abrogata
1072 1359 1109 1398 cst
1123 1345 1210 1418 Oppia
1226 1345 1283 1410 lex,
1304 1347 1428 1416 extemplo

399 1429 620 1499 vigintiquinque
629 1430 736 1479 navt'bus
751 1427 836 1498 longis
848 1431 884 1480 nd
895 1426 977 1480 Lunoe
988 1439 1093 1499 portum
1104 1429 1244 1500 prostitue,
1258 1431 1346 1480 eodem
1356 1441 1428 1480 exer-

401 1518 453 1564 citu
466 1517 597 1564 convenire
604 1515 691 1585 jusso,
701 1525 726 1565 et
739 1513 818 1584 edicto
828 1532 960 1584 perorem
973 1517 1128 1566 maritimam
1142 1517 1217 1566 misso
1232 1516 1338 1566 navibus
1348 1519 1431 1566 ononis

398 1603 499 1672 generis
517 1603 655 1654 connectis
673 1603 705 1652 ab
721 1601 800 1652 Luna
814 1601 980 1674 pnsfieisoens
997 1603 1091 1666 edixit,
1107 1614 1137 1654 ut
1148 1601 1181 1654 ad
1194 1603 1429 1672 portum-Pyrenei

227 1674 230 1679 ’
254 1651 300 1721 71
396 1701 570 1760 sequerentur,
579 1692 640 1740 inde
651 1707 677 1739 se
679 1687 817 1760 frequenti
827 1689 909 1742 classe
920 1692 955 1742 ad
967 1689 1049 1742 hostes
1062 1693 1169 1744 turum.
1183 1689 1350 1766 Prceterveoti
1356 1687 1430 1760 ligu-

397 1777 475 1824 stiuos
484 1785 581 1825 montes
590 1775 724 1844 sinumque
736 1773 869 1826 Gallicum
883 1775 920 1824 ed
933 1775 1013 1839 diem,
1023 1793 1103 1845 quom
1113 1775 1241 1839 edixerat,
1251 1787 1427 1826 convenerunt·

370 1895 531 1960 Charisius
552 1899 655 1980 11‚.p
682 1897 740 1961 192
767 1897 818 1959 etl.
840 1897 985 1961 Paisos:
1009 1898 1092 1958 Satis
1113 1915 1170 1978 pro
1192 1897 1333 1958 intente.
1354 1895 1428 1959 Cato

327 1993 446 2056 tlierntn
463 1991 619 2056 dictarum
631 1996 669 2056 de
681 1995 841 2056 consulatu
854 2013 924 2055 suo.
937 1995 1011 2052 Jam
1026 1993 1110 2072 apud
1121 1991 1237 2100 vellum
1251 1997 1350 2052 nostri
1359 1997 1429 2052 satis

327 2115 368 2173 ag
352 2093 466 2156 mebant

362 2249 435 2316 oprtd
446 2247 558 2312 uallum]
569 2245 660 2298 Livius
673 2243 797 2307 XXXIV,
817 2246 849 2298 11
867 2257 895 2298 et
912 2248 942 2299 18
958 2244 1112 2300 'aemulatam
1124 2257 1213 2298 narrat
1224 2263 1340 2316 pugnato
1348 2283 1355 2308 ,
1373 2261 1428 2314 qum

395 2332 448 2383 sub
456 2333 514 2402 ipso
524 2331 594 2384 vallo
602 2332 720 2384 hostium
733 2333 856 2384 aCatone
870 2332 1007 2390 commissa
1021 2343 1072 2394 eet,
1082 2344 1110 2384 ot
1118 2333 1148 2384 iu
1161 2349 1214 2401 qua
1225 2351 1306 2404 supra
1316 2331 1426 2401 quadro-

290 2451 292 2454 ·
399 2413 474 2484 ginta
483 2413 881 2466 millinhustiumcaedebantur.

372 2553 493 2616 Charis.
507 2555 547 2630 ll,
567 2575 596 2634 p.
613 2554 694 2616 181:
711 2557 787 2617 Cato
803 2556 923 2617 dierum
943 2555 1095 2618 dictarum
1116 2557 1153 2616 de
1173 2554 1335 2617 consulatu
1355 2573 1425 2617 suo:

328 2649 454 2735 Egoque
460 2649 532 2733 jum
543 2653 665 2730 pridem
683 2657 809 2730 cognovi
822 2662 910 2737 atque
930 2651 1071 2710 intellexi
1085 2665 1172 2735 atque
1185 2651 1331 2725 mbitror,
1353 2671 1428 2710 rem-

325 2748 484 2826 publicam
496 2767 604 2809 curore
614 2751 759 2808 industrie
770 2769 923 2809 summum
934 2737 1101 2826 periculum
1115 2767 1192 2808 esse.

363 2901 499 2964 industrie]
513 2900 579 2950 Cato
596 2897 733 2949 nobilibus
748 2897 874 2949 Romanis
887 2895 990 2948 invisus
1004 2893 1069 2957 tuit,
1091 2893 1154 2964 quie
1172 2893 1251 2946 nimis
1268 2913 1346 2964 parco
1362 2913 1427 2947 nem·

396 2985 530 3055 publicam
545 2983 746 3035 administrabat
762 2995 790 3035 et
808 3001 911 3034 omnem
926 2981 1018 3033 luxum
1031 2981 1217 3051 imperatorum
1233 2979 1276 3032 vol
1291 2993 1428 3052 praetorum

395 3069 591 3137 provinciarum
602 3065 723 3118 tollebat.
738 3067 826 3132 Quare
839 3063 932 3116 multis
942 3063 977 3115 ob
986 3062 1158 3134 optimatibus
1170 3059 1251 3132 injus
1263 3075 1291 3114 et
1301 3059 1429 3135 'suspicio-

401 3170 462 3202 nem
473 3163 582 3208 vocatua
594 3162 646 3201 est.

368 3285 490 3350 Charis.
507 3287 541 3344 II
548 3305 610 3366 ,.p
625 3287 706 3348 181·
722 3285 800 3350 Cato
815 3287 936 3350 dierum
950 3288 1025 3349 dict.
1043 3291 1128 3350 dec.
1148 3308 1222 3350 suo:
1244 3289 1326 3352 Item
1349 3293 1391 3347 uti
1408 3311 1428 3346 e

332 3383 548 3463 Thermopylis
555 3399 643 3469 atque
651 3407 693 3444 ex
700 3385 782 3446 Asia
793 3391 949 3446 maximos
960 3387 1117 3448 tumultus
1110 3391 1318 3496 maturissime
1327 3383 1430 3468 dipeci

327 3500 416 3562 atque
429 3487 597 3546 comedoni.

362 3655 380 3688 a
393 3633 584 3709 Thermopylis]
601 3633 702 3686 bellum
716 3635 786 3706 apud
799 3635 988 3708 Thermopylae
1000 3637 1084 3708 gessit
1095 3656 1165 3691 enno
1177 3639 1239 3691 562.
1261 3639 1336 3692 Hanc
1349 3637 1427 3709 igitur

397 3719 542 3772 orationem
558 3737 613 3771 non
625 3719 721 3770 consul
734 3717 837 3780 habuit,
853 3719 899 3770 sed
914 3718 1087 3790 multopost:
1102 3721 1221 3772 continet
1232 3721 1304 3773 enim
1317 3737 1426 3774 comme·

396 3803 568 3854 morationem
577 3819 679 3865 eorum,
688 3819 747 3871 quse
755 3801 785 3854 in
795 3801 923 3871 Hispania
932 3814 1010 3870 etque
1019 3803 1121 3855 Graeoia
1130 3805 1157 3855 in
1167 3803 1247 3856 bellis
1257 3803 1350 3875 gessit.

362 3903 394 3936 ex
405 3883 485 3952 Asia]
495 3887 609 3956 Legatos
621 3897 678 3937 erat
690 3886 735 3937 Μ’.
750 3884 830 3936 Acilii
838 3884 992 3937 Glabrionis
1004 3887 1123 3948 consulis
1136 3905 1160 3938 a.
1172 3889 1205 3940 U.
1218 3889 1285 3940 562:
1298 3905 1351 3956 quo
1363 3898 1427 3938 tem·

396 3985 460 4038 pore
476 3966 637 4022 Antiochum
650 3985 747 4038 regem,
768 3965 838 4038 opud
854 3967 1044 4041 Thermopylas
1058 3968 1166 4034 victum,
1188 3971 1216 4022 in
1236 3971 1327 4022 Asiam
1346 3987 1427 4039 usque

395 4061 551 4120 persecutus
560 4063 609 4102 est.
622 4051 829 4115 [Historicorum
838 4049 910 4103 locos
919 4072 945 4103 v.
956 4071 999 4124 ap.
1011 4051 1130 4107 Bolhuis.
1140 4071 1168 4124 p.
1183 4055 1256 4120 101]
1298 4059 1302 4065 ’

369 4174 491 4246 Charis.
511 4178 556 4254 11,
577 4196 609 4258 p.
623 4175 701 4238 184:
719 4177 761 4236 M.
783 4177 859 4240 ono
878 4178 1000 4240 diend.
1022 4181 1060 4242 de
1080 4201 1107 4242 c.
1128 4147 1358 4262 suosLaudant
1378 4199 1427 4238 me
