3200 5344
879 405 949 478 280

390 556 442 609 Pro
456 541 505 603 eu.
519 535 672 608 Reddidit]
686 549 827 602 Wlfflin
843 541 874 596 C.
895 540 971 594 lulio
988 541 1103 600 (hate,
1122 561 1146 593 a.
1165 542 1229 602 too,
1243 533 1321 610 cujus
1333 542 1459 596 cantiones

432 625 461 676 in
475 623 639 682 Dolabellam
648 616 989 700 moacomrpemorabiuua.
1103 657 1105 667 =
1135 647 1138 656 ·

391 765 443 818 pro
450 749 492 802 M.
503 747 645 814 Canuleio]
664 747 701 800 Μ.
715 749 862 802 Canuleius
874 749 962 811 Dives,
978 750 1183 822 repetundarum
1200 765 1276 813 reus,
1288 767 1311 801 a.
1328 749 1392 804 6¹16.
1400 749 1464 800 Prte-

435 845 507 888 terea
517 831 633 903 ddmdit
645 826 857 903 Rutilium-(Cic.
872 837 947 890 Brut.
968 854 993 890 c.
1007 830 1080 902 tut),
1100 833 1231 890 aemmut't
1245 832 1397 885 Arretinum
1411 849 1464 884 mn-

432 918 657 998 encomium
668 917 805 999 Ceeinac.
821 921 876 990 33).
972 983 975 991 ⁴
1108 957 1111 965 .

406 1047 515 1144 [Addit
528 1056 666 1135 Eggcms
678 1055 746 1122 (lic.
763 1055 820 1122 Or.
839 1075 896 1140 pro
909 1056 1038 1146 Cornel.
1057 1059 1173 1138 lragm.
1190 1061 1233 1122 8:
1254 1061 1403 1120 «Possum
1421 1059 1463 1118 di·

362 1170 446 1228 cere,
468 1151 625 1214 hominem
644 1171 761 1216 summa
775 1154 942 1236 prudentia
955 1155 990 1216 C.
1015 1155 1139 1218 Cottam
1153 1155 1191 1214 de
1210 1159 1273 1216 suis
1287 1153 1405 1234 legibus
1416 1153 1464 1212 ab·

362 1250 507 1332 rogandis
519 1251 618 1334 ipsum
631 1253 672 1315 ad
685 1264 826 1314 senatum
840 1251 992 1330 retulisse.
1006 1247 1043 1338 a]

659 1461 735 1530 Lll.
765 1462 806 1532 P.
835 1459 1014 1558 Sulpicius
1040 1460 1168 1532 Rufus.

629 1667 633 1675 1
661 1579 669 1667 j
718 1565 906 1676 '[Ettendt.
920 1570 1101 1674 p.56sq.]

405 1793 442 1853 P.
456 1791 613 1874 Sulpicius
628 1803 720 1854 natus
734 1813 764 1856 a.
782 1793 824 1852 U.
843 1792 915 1858 629.
930 1792 997 1855 Cic.
1016 1794 1104 1854 Brut.
1123 1812 1152 1854 c.
1165 1794 1217 1855 88.

404 1893 473 1958 Cic.
497 1895 576 1954 Brut
596 1916 625 1958 o.
647 1895 698 1965 st,
729 1892 791 1956 203
809 1914 817 1968 ;
834 1893 905 1954 Fuit
926 1889 1080 1976 Sulpicius
1097 1893 1148 1955 rel
1169 1891 1302 1972 maxime
1320 1885 1465 1967 omnium,

363 2013 438 2076 quos
453 1995 574 2076 quidem
586 2013 643 2074 ego
653 1989 837 2068 audiverim,
850 1993 977 2072 grandis
986 2006 1018 2055 et
1027 2005 1061 2056 ut
1073 1989 1117 2056 ita
1125 1993 1239 2066 dicam,
1253 1992 1390 2072 tragicus
1402 2011 1468 2052 ora·

363 2109 424 2160 tor.
441 2125 483 2143 -ν
498 2097 536 2160 C.
559 2099 611 2167 56,
628 2096 690 2158 205
713 2091 867 2175 :Sulpicii
891 2099 1058 2168 orationes,
1080 2116 1149 2185 quae
1159 2095 1321 2176 fimatur,
1335 2105 1468 2174 caspost

364 2206 498 2255 mortem
513 2193 579 2275 ejus
589 2191 750 2276 scripsisse
763 2189 799 2252 P.
815 2187 965 2254 Canutius
978 2204 1116 2290 putatur,¹
1128 2189 1252 2275 aequalis
1262 2210 1360 2264 meus,
1378 2191 1466 2278 bomo

363 2308 452 2357 extra
463 2307 603 2356 nostrum
618 2292 760 2356 ordinem
772 2311 841 2353 meo
855 2290 974 2374 judicio
984 2289 1214 2378 disertissimus.
1229 2291 1329 2374 ipsius
1341 2287 1471 2372 Sulpicii

363 2395 449 2455 nulla
464 2390 567 2456 oratio
581 2405 639 2468 est,
655 2411 796 2474 saepeque
814 2411 855 2452 ex
868 2411 904 2453 eo
925 2393 1040 2467 audivi,
1071 2413 1142 2457 oum
1165 2412 1198 2456 se
1215 2387 1357 2456 seribere
1372 2410 1469 2474 neque

364 2509 529 2553 consuesse
544 2509 643 2570 neque
653 2509 743 2574 posse
754 2481 887 2550 diceret.

405 2589 474 2653 Cic.
501 2589 638 2664 Orator,
664 2610 693 2652 c.
718 2589 772 2666 38,
802 2586 889 2651 1321:
912 2591 1030 2656 Uterer
1050 2589 1200 2671 exemplis
1219 2584 1331 2650 alienis
1348 2585 1467 2651 Latinis

364 2689 408 2770 (i.
432 2710 461 2751 e.
484 2691 616 2754 aliorum
640 2691 821 2755 Latinorum
846 2689 1039 2774 oratorum),
1062 2691 1089 2755 si
1102 2690 1166 2751 ulla
1188 2685 1376 2772 reperirem.
1407 2678 1464 2751 Sed

361 2785 467 2882 Crassi
494 2807 652 2871 perpauca
672 2801 743 2854 sunt
755 2797 772 2858 ‚'
792 2777 871 2852 nihil
893 2785 1045 2888 Antonii,¹
1063 2779 1140 2850 nihil
1158 2785 1267 2858 Cottae,
1299 2785 1379 2848 nihil
1404 2787 1470 2852 Sul·

374 2903 451 2946 trerr.

365 2903 375 2965 l
405 2982 474 3044 Cic.
488 2980 687 3062 benificii,
707 2983 744 3042 ll
759 3001 767 3041 t
783 2983 819 3044 P.
831 2981 958 3062 Sulpicii
972 2979 1179 3066 eloquentiam
1194 2977 1365 3044 illustravit
1384 3003 1468 3042 accu-

363 3081 451 3150 satio,
478 3098 549 3137 cum
566 3077 741 3138 sedin'osum
757 3087 788 3137 et
800 3075 936 3136 inutilem
948 3081 1058 3150 civem,
1079 3078 1114 3137 C.
1131 3079 1320 3170 Norbanum,
1346 3085 1376 3137 in
1391 3077 1470 3165 judi·
1580 3077 1581 3088 ¹

366 3178 447 3231 cium
457 3178 596 3246 vocavit,
613 3193 701 3253 quem
716 3169 911 3235 defendisti.
930 3171 1093 3237 Antonine.
1181 3179 1184 3192 '
1226 3187 1228 3194 “

270 3403 335 3479 165
613 3375 737 3444 .LlV.
766 3373 809 3446 C.
837 3376 1043 3450 Scribonius
1064 3379 1193 3450 Curio.

705 3481 883 3582 [Ellendt.
910 3508 947 3582 p.
982 3487 1127 3584 toan]

1188 3594 1193 3606 Ι

404 3703 442 3767 C.
468 3704 638 3768 Curionem
664 3724 756 3766 avum
781 3724 876 3787 supra
892 3704 957 3788 jam
983 3705 1306 3779 commemoravimus,
1329 3728 1362 3789 p.
1396 3707 1463 3771 133.

362 3801 460 3870 curin
479 3791 582 3887 priter,
603 3806 676 3870 Cos.
693 3805 723 3867 ai
740 3803 814 3880 tte,
828 3819 969 3868 mortuus
978 3799 1156 3871 astatus.
1177 3818 1180 3829 '
1234 3836 1238 3846 ¹

404 3897 486 3966 cte.
498 3904 588 3966 Brut.
609 3924 639 3966 o.
661 3901 717 3975 58,
734 3903 820 3965 tto:
835 3901 949 3979 Erant,
966 3904 1080 3985 quibus
1098 3903 1259 3967 videnotm·
1273 3905 1357 3967 illins
1370 3906 1468 3966 etatis

361 4001 598 4076 urimenus,
615 4004 687 4086 qnia
706 4003 969 4086 splendidioribus
990 4006 1124 4067 fumasse
1145 4005 1252 4068 'verbis
1264 3999 1422 4079 utehntnr,
1436 4015 1465 4067 et

364 4098 436 4179 quia
445 4097 544 4164 latino
557 4101 760 4182 nonomine
773 4101 958 4182 loquebatur
968 4119 1035 4173 usu,
1050 4103 1157 4178 credo,
1172 4101 1275 4183 aliquo
1285 4101 1462 4178 domestico,

364 4216 436 4259 nam
443 4197 601 4262 literarum
610 4195 772 4262 admodum
778 4199 856 4262 nihil
864 4199 994 4263 sciebat.
1005 4236 1047 4251 --
1058 4201 1095 4264 C.
1112 4203 1147 4264 tl
1155 4247 1164 4278 ,
1175 4199 1238 4264 280
1250 4199 1463 4285 zujnsorano·
