3218 5320
647 721 760 793 CVll.
790 725 995 794 Montanus
1010 722 1207 794 Votienus.

413 927 534 990 Seneca
549 921 701 986 Controv.
717 924 773 986 lib.
788 943 832 1000 rr,
847 925 899 999 28,
913 945 945 1006 p.
959 924 1019 986 335
1033 921 1105 1008 (tot
1121 925 1172 985 ed.
1184 921 1293 1009 Bip.):
1317 927 1484 988 Montanus

304 1043 308 1052 “
374 1023 535 1096 Votienus,
550 1021 642 1083 borno
664 1021 829 1096 rarissimi,
852 1021 974 1084 etiamsi
996 1041 1060 1084 non
1082 1018 1328 1088 emendatissimi
1350 1023 1481 1102 ingenii,

376 1121 489 1182 vitium
502 1140 600 1194 suum,
618 1120 699 1202 quod
719 1117 753 1180 in
772 1114 968 1180 orationibus
988 1138 1051 1178 non
1070 1115 1221 1194 evitabat,
1239 1118 1273 1179 in
1292 1118 1486 1184 scholasticis

374 1237 494 1300 quoque
514 1220 635 1281 evitare
651 1213 714 1280 non
729 1212 842 1298 potuit.
868 1215 929 1278 Sed
946 1215 980 1276 in
994 1216 1200 1289 orationibus,
1222 1217 1295 1298 quia
1315 1215 1420 1280 laxior
1440 1235 1486 1282 est
1597 1237 1598 1330 t

376 1321 526 1399 materia,
541 1319 644 1380 minus
659 1318 838 1380 earumdem
853 1335 960 1378 rerum
974 1317 1143 1380 adnotatur
1158 1313 1352 1402 iteratiossjn
1367 1319 1486 1382 schola·
1597 1385 1598 1388 ,

369 1421 466 1494 sticis,
483 1422 510 1482 si
525 1421 632 1482 eadem
648 1430 720 1480 sunt
734 1438 801 1499 quae
814 1417 972 1491 dicuntur,
997 1418 1069 1498 quia
1091 1437 1190 1500 pauca
1212 1431 1295 1494 sunt,
1312 1431 1479 1483 notantur.

369 1521 500 1584 Memini
520 1522 608 1583 illum
628 1541 688 1598 pro
706 1519 798 1578 Galla
816 1517 956 1578 Numisia
971 1519 1055 1595 opud
1075 1523 1281 1580 centumviros
1294 1518 1479 1584 tirocinium

368 1639 498 1706 ponere.
524 1625 570 1684 Ex
585 1623 679 1683 uncia
693 1621 785 1681 heres
800 1631 870 1680 erat
883 1618 982 1700 patris
1000 1616 1049 1678 sui
1061 1619 1174 1682 Galla:
1197 1618 1412 1700 objiciebatur
1432 1623 1479 1685 illi

270 1711 344 1782 244
368 1721 575 1786 veneficium:
592 1720 672 1784 dixit
687 1742 754 1782 rem
768 1715 1005 1782 disertissimam
1019 1732 1051 1780 et
1068 1721 1213 1782 omnibus
1227 1721 1342 1784 seculis
1356 1725 1483 1786 duratu-

370 1847 452 1900 ram,
474 1827 547 1906 quia
569 1823 675 1886 nescio
690 1843 729 1885 an
744 1822 908 1903 quicquam
929 1821 1039 1882 melius
1060 1817 1094 1882 in
1116 1841 1152 1884 eo
1174 1843 1291 1902 genere
1312 1843 1481 1889 causarum

367 1925 503 1986 dictum:
525 1923 658 1982 Unciam
669 1919 817 2000 necfilioe
832 1918 938 1978 deberi
949 1938 1005 1976 nec
1019 1921 1179 2000 nentrstcoe.
1196 1924 1264 1985 Non
1278 1921 1338 1982 fuit
1353 1938 1481 1988 conten.

366 2036 426 2099 tus,
443 2023 575 2106 adJecitt
592 2025 631 2082 In
643 2024 784 2099 paternis
801 2019 910 2077 tabulis
918 2019 1003 2098 filice
1021 2021 1108 2080 locus
1127 2036 1178 2079 ant
1197 2043 1269 2082 snus
1287 2023 1419 2083 debetur
1430 2045 1483 2087 ant

365 2121 475 2181 nullus.
497 2119 674 2180 Etiamnum
697 2113 833 2198 adjecit:
849 2113 1007 2198 Relinque
1026 2121 1148 2175 nocenti
1159 2123 1306 2192 nimium,
1325 2124 1482 2182 innocenti

363 2239 487 2295 parum.
504 2219 551 2278 Ne
563 2216 609 2277 sic
624 2216 748 2296 quidem
762 2214 878 2275 satiare
892 2231 925 2272 se
937 2213 1049 2293 potuit,
1066 2211 1201 2294 adjecit:
1214 2215 1285 2275 Νοη
1297 2232 1406 2294 potest
1406 2221 1480 2301 fllia

364 2331 429 2376 tum
442 2329 569 2395 anguste
585 2319 724 2392 paternis
742 2311 852 2372 tabulis
870 2303 1041 2382 ddhoerere,
1058 2333 1134 2397 quas
1154 2329 1208 2374 ont
1226 2329 1303 2374 totas
1318 2321 1483 2394 possidere

364 2410 452 2469 debet
463 2424 515 2468 aut
528 2424 607 2468 totas
619 2409 760 2487 perdere,
771 2421 803 2468 et
815 2407 905 2488 plura
916 2406 1024 2482 multo,
1037 2427 1104 2488 quat
1115 2411 1265 2472 memoria
1277 2429 1341 2472 non
1353 2428 1475 2494 repeto.

366 2511 411 2570 Ex
424 2509 463 2570 iis
477 2509 616 2588 quedam
628 2508 663 2568 in
678 2506 852 2568 orationem
864 2503 997 2568 contulit
1010 2519 1041 2594 et
1057 2509 1119 2570 alia
1131 2509 1223 2589 plura
1236 2529 1328 2589 quam
1340 2504 1475 2586 dixerat,

367 2609 491 2692 adjecit.
510 2607 595 2671 Nihil
610 2629 675 2670 non
691 2629 730 2670 ex
744 2605 783 2668 iis
794 2607 910 2670 bellum
925 2619 984 2682 est,
1002 2607 1029 2668 si
1044 2609 1142 2671 solum
1157 2611 1218 2671 sit:
1236 2611 1315 2672 nihil
1329 2631 1397 2674 non
1409 2634 1477 2675 rur·

366 2731 417 2774 sus
427 2733 466 2773 ex
477 2712 523 2774 eis
534 2711 626 2773 alteri
637 2708 779 2772 obstat...
797 2708 901 2770 Habet
912 2709 972 2772 hoc
985 2711 1152 2772 Montanus
1162 2708 1273 2774 vitium
1284 2733 1292 2774 t
1305 2713 1477 2777 sententias

365 2830 437 2875 suas
457 2811 628 2892 repetendo
649 2806 839 2889 corrumpit,
857 2808 929 2867 dum
952 2827 1015 2870 uon
1037 2817 1085 2869 est
1106 2819 1270 2872 contentus
1290 2831 1389 2873 uuam
1411 2833 1476 2876 rem

364 2911 456 2972 semel
469 2909 552 2970 bene
566 2908 685 2978 dicero,
705 2901 814 2977 efficit,
837 2923 876 2963 ne
898 2903 980 2964 bene
1003 2901 1127 2965 dixerit.
1153 2907 1193 2966 Et
1213 2919 1343 2988 propter
1365 2907 1427 2970 hoe
1445 2924 1475 2969 et

364 3012 439 3089 alia,
453 3011 564 3092 quibus
585 3020 691 3070 orator
710 3016 811 3088 potest
832 3016 929 3085 poeta
950 3003 1057 3066 similis
1071 3002 1183 3084 videri,
1200 3006 1319 3068 solebat
1338 3007 1474 3072 Scaurus

366 3115 546 3173 Montanum
565 3109 650 3169 inter
670 3120 812 3168 oratores
826 3104 971 3168 Ovidium
985 3125 1111 3168 vocare.
1135 3109 1214 3170 Nam
1230 3122 1262 3170 ct
1275 3106 1409 3174 Ovidius
1423 3132 1474 3174 nc·

363 3213 436 3283 scit,
450 3211 531 3291 quod
543 3207 625 3269 bene
639 3207 741 3282 cessit,
754 3202 946 3285 relinquere.

409 3309 521 3372 Senec-
542 3305 693 3370 Controv.
714 3305 774 3378 ΙΙΙ,
793 3304 847 3374 20,
870 3325 901 3386 p.
923 3303 985 3368 264
1003 3303 1052 3386 (p.
1066 3304 1128 3369 239
1142 3308 1190 3369 ed.
1207 3305 1312 3389 Bip.):
1333 3309 1473 3374 Vinicius

364 3400 553 3466 exactissimi
565 3401 616 3464 vir
630 3398 760 3480 ingenii,
778 3401 830 3480 qui
847 3419 906 3462 uec
919 3402 1024 3462 dicere
1038 3422 1090 3464 res
1103 3405 1226 3486 ineptas
1244 3424 1303 3466 nec
1317 3404 1406 3468 ferre
1419 3427 1470 3490 po·

362 3515 459 3577 terat,
481 3498 600 3564 solebat
619 3500 702 3562 hanc
722 3499 908 3562 sententiam
921 3499 1049 3564 Seniani
1062 3501 1206 3566 deridere
1225 3513 1258 3564 et
1272 3499 1406 3566 similem
1427 3503 1473 3566 illi

364 3601 484 3667 referre
503 3601 537 3662 in
560 3599 702 3662 oratione
716 3599 833 3662 dictam
846 3599 988 3662 Montani
999 3599 1147 3662 Votieni:
1246 3601 1334 3666 Aere
1347 3611 1471 3665 omnino

363 3718 395 3762 et
406 3715 621 3780 experrectum
634 3714 681 3759 est
695 3701 813 3760 animal
824 3703 922 3772 canis,
940 3701 1041 3784 ntique
1056 3705 1227 3761 catenarius
1239 3718 1383 3780 parents.
1397 3707 1472 3766 Erat

364 3813 466 3864 autem
480 3820 543 3862 nou
555 3819 660 3880 aequus
674 3799 734 3882 ipsi
742 3801 890 3860 Montano
900 3819 909 3861 t
921 3815 1115 3862 accusaverat
1124 3799 1211 3864 illum
1220 3803 1304 3880 apud
1312 3802 1468 3864 Gaesarem

364 3924 384 3962 a
398 3901 518 3960 colonia
529 3899 725 3960 Narbonensi
738 3913 877 3978 rogatus,⁸
888 3911 921 3961 at
930 3901 1094 3962 Montanus
1104 3901 1181 3963 adeo
1191 3913 1256 3964 toto
1267 3903 1373 3966 animo
1381 3903 1467 3966 sebo·

363 3993 490 4061 lasticus
499 4007 580 4068 erat,
598 4008 634 4056 ut
644 3996 750 4057 eodem
761 3995 822 4068 die,
835 4015 894 4076 quo
909 4009 1070 4058 accusatus
1081 3995 1232 4064 aViuicio
1239 3999 1464 4074 decertaverit,

363 4101 397 4162 iu
405 4095 524 4164 Vinicii
535 4096 691 4158 actionem
702 4096 873 4158 sententias
884 4116 953 4158 suas
965 4096 1133 4160 referebat.

395 4232 470 4304 opud
480 4227 621 4294 Cererem]
635 4215 780 4293 Tiberium,
795 4239 826 4280 ut
839 4247 870 4280 ex
883 4229 1039 4300 Hieronymi
1053 4229 1121 4295 loco,
1136 4247 1214 4301 quern
1226 4251 1286 4286 mox
1299 4233 1396 4299 citabo,
1409 4233 1464 4286 col-

431 4316 548 4388 ligimus.
