3218 5320
674 437 740 508 311

426 675 576 749 LXXX.
610 679 660 748 Μ.
687 676 827 752 Coelius
851 679 987 752 Rufus.

539 789 711 888 [Ellendt.
727 819 762 890 p.
777 793 887 864 78-83
897 792 926 889 .]

198 987 295 1048 Natus
307 997 356 1048 est
370 1005 453 1050 anno
467 988 509 1054 U.
524 986 598 1050 tte.

198 1083 267 1148 Cic.
283 1085 371 1146 Brut.
389 1104 419 1146 c.
432 1087 484 1157 ta,
503 1085 583 1150 2732
604 1085 678 1168 Ejus
693 1085 849 1148 actionem
865 1087 994 1148 multum
1008 1099 1042 1148 et
1054 1085 1216 1169 splendida
1228 1103 1260 1152 et

45 1175 49 1184 ¹
153 1184 284 1262 grandis
302 1197 335 1245 et
354 1185 461 1246 cadem
475 1188 509 1246 in
523 1182 634 1266 primis
651 1183 754 1248 faceta
773 1197 806 1248 et
826 1185 1007 1267 perurbana
1022 1188 1260 1250 commendabat

152 1281 268 1343 oratio.
283 1283 405 1346 Graves
414 1281 479 1365 ejus
490 1284 656 1346 conciones
668 1285 783 1366 aliquot
798 1285 935 1359 luerunt,
946 1305 1035 1348 acres
1047 1286 1259 1348 accusationes

150 1389 229 1452 tres,
241 1397 343 1459 empne
352 1399 456 1441 omnes
469 1399 508 1441 ex
517 1380 697 1463 reipublicae
711 1381 915 1444 contentione
927 1396 1093 1466 susceptoe3
1106 1381 1256 1445 defensio·

150 1475 220 1548 ries,
236 1478 295 1540 etsi
306 1479 360 1540 illa
374 1491 466 1541 erant
483 1479 517 1541 in
538 1499 575 1541 eo
594 1475 736 1554 meliora,
757 1497 824 1562 quta
842 1475 921 1554 dixi,
939 1499 1003 1541 non
1025 1483 1259 1543 contemnendae

151 1587 258 1636 umen
272 1595 408 1658 saneque
424 1573 615 1639 tolerabiles.

190 1711 330 1780 conciones]
341 1725 373 1765 ut
384 1714 484 1798 Coneio
502 1713 535 1767 de
553 1713 629 1786 aquis
647 1713 718 1786 apud
736 1713 867 1788 populum
880 1732 905 1767 a.
916 1716 949 1767 U.
962 1715 1024 1780 703,
1039 1732 1093 1786 quo
1105 1713 1190 1770 edilis
1202 1728 1259 1768 erat

227 1797 341 1859 curulis,
350 1797 452 1851 habita.

191 1923 365 1975 accusationes
378 1930 443 1992 tres]
456 1923 516 1976 duae
528 1936 594 1978 sunt
609 1936 689 1989 note,
703 1925 781 1978 tertia
798 1923 891 1978 dubia.
911 1925 1054 1979 Accusavit
1065 1927 1097 1978 C.
1110 1927 1258 1981 Antonium

225 2025 250 2058 a.
258 2009 293 2059 U.
302 2006 364 2071 ott,
374 2007 468 2078 Pighio
480 2019 597 2072 auctore,
609 2020 688 2078 atque
697 2009 729 2060 1..
740 2007 925 2080 Sempronium
934 2010 1094 2073 Atratinum,
1104 2009 1137 2062 de
1146 2011 1256 2065 ambitu.

224 2095 285 2161 Quo
294 2110 365 2146 anuo
374 2105 462 2145 autem
471 2093 544 2146 hunc
552 2113 627 2147 reum
637 2094 739 2158 lecerit,
747 2095 889 2147 incertum.
899 2095 950 2165 (De
958 2095 1001 2148 his
1009 2115 1035 2148 v.
1044 2095 1163 2150 Ellendt.
1179 2117 1208 2169 p.
1223 2101 1254 2150 81

224 2181 278 2249 sq.)
291 2179 346 2232 Alii
358 2199 458 2233 annum
468 2181 518 2234 tat
529 2193 663 2246 statuunt,
673 2199 744 2234 anno
753 2194 893 2252 antequam
901 2183 934 2236 ab
944 2181 1020 2234 illius
1031 2181 1088 2235 lilio
1096 2183 1154 2254 ipse
1162 2197 1257 2256 postu·

225 2260 334 2327 leretur,
344 2261 464 2318 Ellendt.
474 2263 547 2317 hune
557 2261 612 2334 jann
624 2275 685 2317 ante
695 2266 727 2318 C.
738 2265 886 2318 Antonium
895 2283 1032 2318 accusasse
1042 2267 1193 2338 suspicatus
1204 2281 1255 2322 est.

225 2351 264 2402 De
273 2353 350 2403 tertia
358 2351 536 2414 assentione,
545 2351 579 2403 de
587 2369 641 2422 qua
650 2351 744 2405 Cicero
755 2351 833 2413 dixit,
841 2369 896 2404 non
905 2363 1023 2404 constatr
1034 2352 1081 2405 alii
1091 2351 1124 2406 D.
1134 2353 1256 2420 Laelium,

223 2436 270 2506 qui
287 2436 317 2490 in
332 2437 486 2510 fragmentis
501 2437 581 2491 Caelii
598 2451 768 2501 memoratur,
785 2437 997 2512 intelligendum*
1011 2451 1123 2511 putant,
1138 2439 1258 2495 Ellendt.

222 2540 285 2578 vero
296 2524 440 2598 significari
452 2528 487 2595 Q.
498 2525 652 2598 Pompeium
666 2525 778 2590 Rufum,
793 2525 934 2579 tribunum
945 2525 1034 2598 plebis
1047 2545 1072 2579 a.
1084 2528 1130 2582 tot
1143 2527 1172 2582 iu
1180 2547 1259 2582 causa

222 2605 370 2661 Miloniana
380 2607 621 2672 seditiosissimum,
629 2607 724 2674 eredit,
732 2608 885 2661 testimonio
897 2608 978 2661 nixus
985 2607 1086 2661 Valerii
1097 2611 1202 2663 Maximi
1211 2613 1257 2678 lV,

224 2693 252 2757 2,
262 2695 275 2744 'l
287 2714 293 2744 ι
310 2691 387 2747 Celei
396 2692 462 2764 Rufi
471 2701 503 2746 ut
514 2693 571 2747 aits
584 2691 735 2764 inquinata,
750 2693 790 2745 ita
802 2692 989 2756 miserabundus,
1003 2710 1081 2762 quam
1092 2695 1125 2760 Q.
1136 2697 1260 2768 Pompeio
1288 2696 1355 2772 194

221 2779 360 2849 praestetit,
371 2776 519 2848 probandas
532 2776 579 2830 eni
591 2797 609 2830 α
623 2797 651 2830 se
662 2773 771 2848 publt‘ca
786 2777 926 2846 quastione
939 2784 1086 2848 prostrato,
1101 2798 1158 2830 cnm
1175 2789 1258 2834 mater

225 2859 421 2932 Contestani
429 2857 561 2913 commissa
567 2859 672 2931 pradia
682 2879 731 2912 non
740 2860 870 2920 redderet,
882 2867 964 2930 atque
977 2858 1026 2912 iste
1039 2861 1168 2913 mattam
1181 2883 1257 2917 suun

225 2942 308 2996 lt'teris
320 2941 493 3016 implorasset,
515 2941 722 3014 pertinacissime
734 2942 836 2994 absenti
845 2941 943 3010 adficit.
962 2941 1144 2996 Ruhnkonius
1155 2963 1215 2998 eum
1227 2950 1257 3002 in

223 3029 311 3085 Plinio
323 3033 358 3084 Η.
372 3031 407 3083 N.
421 3031 539 3094 xxvlt,
557 3031 588 3095 2,
605 3029 633 3082 in
651 3027 729 3081 illurn
747 3027 834 3081 locum
852 3027 996 3081 incideret:
1015 3027 1125 3082 Coststat
1143 3033 1254 3084 matam

220 3134 369 3168 serenorum
383 3115 525 3170 murrinum
536 3134 592 3168 esse
604 3113 747 3174 maium,
762 3119 790 3166 et
807 3115 886 3166 lactei
899 3129 1001 3184 quoque
1013 3113 1170 3186 genialibus
1175 3117 1257 3188 femi-

221 3198 279 3251 nini
286 3219 365 3252 senus
377 3194 525 3252 manahim
536 3197 623 3250 eodem
635 3196 677 3250 die
689 3196 784 3267 inferre
796 3201 911 3249 mortem.
929 3195 1050 3265 Hocfist't
1061 3218 1195 3262 omnum,
1206 3219 1258 3272 qua

223 3284 544 3358 interemptasdsrmientes
556 3303 574 3337 a
584 3283 726 3356 Calpas-ntis
733 3281 826 3336 Bestia
836 3301 931 3336 meotes
937 3284 979 3337 M.
993 3283 1115 3338 Casiliss
1125 3296 1260 3342 mator

222 3369 321 3442 adjecit.
335 3369 404 3422 Hine
414 3369 462 3421 atta
472 3374 550 3422 atros
556 3366 690 3437 peroratio
706 3367 765 3440 φα
782 3362 808 3417 in
824 3364 948 3438 da'gr'tum,
966 3367 1080 3418 correxit
1093 3369 1135 3420 M.
1148 3368 1255 3435 Cseleiss,

222 3451 259 3504 ita
270 3463 302 3504 ut
312 3469 343 3504 ea
354 3450 496 3515 accusatio,
508 3468 568 3522 quse
579 3450 608 3502 in
620 3469 645 3502 a.
656 3451 688 3502 U.
700 3449 749 3502 697
761 3449 856 3502 incidit
868 3447 998 3520 (Philipp.
1014 3447 1049 3512 ll,
1064 3449 1094 3510 a,
1110 3451 1160 3520 Ep.
1174 3451 1205 3504 ad
1220 3455 1254 3521 Q.

221 3533 265 3588 Fr.
280 3533 315 3601 ll,
327 3537 364 3607 3),
377 3556 426 3608 pro
438 3533 515 3590 tertia
527 3533 619 3610 haberi
634 3545 734 3606 posset.
755 3531 805 3585 Sed
818 3524 938 3586 Ellendt.
948 3532 1018 3585 hanc
1029 3532 1208 3604 conjecturam
1221 3553 1255 3589 ex

220 3621 340 3676 Coeliana
352 3623 470 3675 oratione
483 3619 619 3674 Ciceronis
632 3639 657 3673 c.
670 3621 703 3672 32
715 3617 827 3682 refellit,
841 3617 870 3671 in
883 3637 935 3689 qua
949 3617 1061 3690 legimns
1071 3637 1077 3668 =
1089 3617 1176 3670 Habet
1186 3637 1205 3671 a
1214 3621 1256 3676 M.

199 3723 201 3730 ·
223 3708 302 3761 cant
313 3707 457 3780 respublica
466 3707 533 3762 duae
541 3704 717 3760 manationes
727 3705 770 3757 nei
778 3703 875 3758 obsides
882 3701 1000 3776 periali
1008 3701 1169 3777 nelpignora
1180 3705 1255 3758 lene·

221 3793 347 3848 menete
362 3794 405 3848 Sic
418 3793 523 3848 terrim
534 3791 612 3846 Coelii
623 3790 818 3846 accusationem
830 3801 893 3864 post
904 3809 930 3844 a.
939 3791 1005 3855 ¹699,
1019 3807 1073 3860 quo
1084 3789 1177 3844 Cicero
1192 3808 1255 3846 eum

222 3875 350 3939 defendit,
363 3877 458 3930 factam
468 3893 527 3930 esse
538 3886 651 3948 oportet.

114 3985 118 3996 ¹
183 4007 349 4077 defensiones]
358 4019 394 4066 ,ut
402 4007 453 4059 Pro
465 4024 494 4059 se
506 4005 539 4060 de
550 4003 578 4058 ri
591 4016 684 4058 contra
694 4003 847 4058 Atratinum
855 4001 953 4057 filiurn.

191 4131 274 4193 Dial.
291 4134 330 4194 de
343 4109 437 4194 oratt.
460 4151 491 4194 o.
512 4129 571 4192 21:
587 4128 672 4216 Quid
692 4150 730 4192 ex
744 4129 887 4190 Celaenis
909 4127 1127 4192 orationibus?
1143 4148 1254 4211 nempe

151 4248 195 4310 ee
207 4228 343 4312 placent,
357 4228 384 4292 si
397 4248 460 4292 non
472 4226 637 4305 ninivense,
648 4238 680 4290 at
694 4239 799 4312 partes
813 4243 931 4302 earum,
946 4223 979 4288 in
994 4225 1105 4308 quibus
1119 4223 1254 4288 nitorem
