3200 5344
672 465 744 538 scu
781 551 785 558 ,

205 624 211 656 t

481 697 514 758 4.
536 715 645 760 suisio
663 715 750 760 usurs
769 715 927 763 uanum.

192 871 326 940 Servilia
341 871 391 931 lex
401 870 440 932 de
451 867 579 952 judiciis
589 869 629 932 ab
644 868 800 950 equitibus
815 870 850 932 in
867 882 1011 932 senatum
1021 869 1257 945 transferundis,

149 993 241 1054 quam
251 980 419 1051 rogaverat
430 969 472 1053 Q.
484 967 637 1032 Servilius
649 967 755 1051 Cupio
763 970 872 1030 consul
883 989 914 1030 a.
928 969 987 1032 ott
1000 969 1116 1034 Crasso
1123 971 1260 1042 mucre,

151 1093 214 1135 non
229 1073 349 1154 perlata
371 1069 494 1132 vitietur
512 1066 571 1130 :in
590 1069 763 1153 paster-iore
776 1070 860 1132 euim
880 1089 972 1133 causa
988 1071 1095 1135 Crassi
1117 1091 1176 1153 pro
1198 1072 1258 1136 Cn.

151 1169 268 1232 Planco
280 1181 391 1231 contra
404 1167 447 1229 M.
466 1167 597 1230 Brutum
607 1163 761 1248 judicium
776 1167 857 1250 apud
871 1168 991 1249 equites
1005 1179 1160 1244 versatur,
1177 1179 1213 1232 ut
1224 1191 1260 1230 ex

150 1268 314 1332 Ciceronis
328 1268 386 1329 Or.
406 1287 464 1350 pm
481 1265 604 1330 Cluent.
622 1287 652 1330 c.
680 1270 716 1330 51
734 1263 860 1344 scimus,
882 1263 935 1352 qui
952 1265 1041 1344 dicit,
1065 1269 1108 1331 Μ.
1131 1271 1261 1332 Brutum

150 1369 272 1430 animos
285 1368 411 1430 illorum
420 1366 561 1450 judicum
582 1367 615 1428 in
631 1367 777 1432 Crassum
789 1381 938 1449 tanquam
952 1367 1262 1454 adversariumjudi·

148 1469 269 1532 ciorttm
279 1464 560 1548 equestrisordiuis
568 1463 741 1530 incendere
749 1466 895 1530 voluisse.

191 1563 260 1628 Cic.
277 1565 367 1626 Brut.
382 1582 413 1625 c.
428 1562 483 1638 43,
505 1565 561 1628 tot
579 1584 587 1624 ε
607 1563 778 1627 Scoevolam
798 1563 950 1644 collegam
970 1561 1076 1629 Crassi
1093 1565 1142 1650 (iu
1163 1565 1261 1628 tribu·

149 1668 245 1740 natu)
257 1663 461 1726 credofuisse.
474 1662 630 1726 Omnibus
644 1664 767 1744 quidem
778 1661 859 1738 aliis,
873 1664 1012 1746 inquam,
1024 1661 1059 1728 iu
1073 1663 1262 1746 magistrati·

148 1765 218 1840 bus,
236 1766 291 1828 sed
305 1765 452 1828 trib'nnns
470 1785 554 1826 anuo
569 1779 640 1846 post
654 1765 722 1842 tuit,
744 1785 841 1846 eoque
855 1763 888 1826 iu
903 1765 1013 1828 rostris
1023 1767 1148 1829 sedente
1167 1767 1263 1830 suasit

145 1863 312 1928 Serviliam
328 1849 432 1942 legem
452 1863 593 1926 Crassus.
620 1863 701 1924 Nam
721 1883 885 1925 censuram
905 1863 973 1926 sine
995 1863 1132 1928 Scaevola
1154 1867 1260 1946 gessit.

144 1962 224 2022 Eum
241 1959 325 2022 enim
351 1960 570 2040 magistratum
587 1979 678 2022 nemo
693 1979 830 2042 uuquam
843 1957 1050 2024 Scaevolarum
1065 1961 1189 2046 petiuit.
1201 1963 1263 2028 Sed

147 2059 213 2121 haec
231 2055 340 2120 Crassi
358 2077 451 2138 quum
470 2057 556 2118 edita
578 2055 677 2124 oratio
692 2067 751 2129 cst,
776 2075 866 2138 quam
891 2053 1022 2140 t'esaepe
1047 2053 1159 2137 legisse
1174 2072 1263 2124 certo

147 2156 226 2230 scio,
250 2165 383 2235 quatuor
398 2163 430 2216 et
446 2153 574 2234 triginta
596 2165 661 2216 tum
677 2151 815 2215 habebat
841 2173 939 2216 anuos
962 2155 1152 2236 totidemque
1170 2157 1263 2222 annis

149 2251 226 2313 mihi
240 2263 332 2314 aetate
347 2250 528 2334 prestabat.
545 2249 587 2311 lis
597 2247 681 2312 euim
697 2249 878 2336 consulibus
887 2269 956 2312 eam
967 2251 1066 2330 legem
1073 2254 1179 2328 suasit,
1197 2257 1266 2338 qui'.

148 2351 208 2412 bus
220 2345 288 2412 nati
299 2369 415 2424 sumus,
432 2367 526 2430 quum
541 2347 609 2430 ipsc
623 2359 707 2410 essct
721 2345 761 2430 Q.
778 2345 924 2430 Cepione
939 2349 1065 2413 consule
1080 2363 1172 2412 natus
1188 2361 1221 2412 et
1231 2352 1267 2415 C.

147 2446 252 2520 Laelio,
270 2445 421 2524 triennio,
438 2449 505 2532 ipso
517 2442 621 2509 minor
630 2463 723 2528 quam
738 2447 903 2510 Antonius.

190 2548 258 2612 Cic.
271 2547 319 2608 De
329 2559 409 2608 orat.
423 2547 452 2620 1,
465 2547 517 2621 52,
528 2543 608 2606 225:
627 2543 716 2608 Plato
728 2563 840 2607 noram
853 2545 1111 2626 quandamiinxit
1123 2545 1265 2612 inlibris

149 2651 326 2727 civitatem3
344 2667 441 2731 nsque
455 2667 492 2709 eo
505 2646 572 2718 illa,
587 2665 654 2728 quae
668 2645 800 2709 dicenda
814 2647 851 2708 dc
861 2645 983 2730 justitia
997 2647 1139 2731 putabat,
1153 2669 1173 2712 a
1188 2651 1262 2712 vim
1286 2713 1289 2718 Δ

148 2747 369 2811 consuetudine
389 2757 422 2808 et
440 2761 461 2805 a
482 2743 643 2805 civitatum
660 2743 800 2804 moribus
818 2743 1043 2806 abhorrebant.
1067 2746 1158 2827 Quod
1175 2745 1213 2807 si·
1225 2767 1261 2810 ca

148 2848 361 2931 probarentur
374 2846 409 2907 in
428 2843 551 2927 populis
564 2855 658 2924 atque
682 2844 716 2904 in
737 2841 932 2915 civitatibus,
950 2844 1018 2924 quis
1035 2845 1109 2919 tibi,
1129 2845 1259 2922 Crasse,

149 2949 365 3024 concessisset,
386 2947 561 3009 clarissimo
575 2945 645 3008 viro
660 2955 693 3006 et
706 2943 843 3034 principi
858 2943 1007 3018 civitatis,
1025 2957 1058 3006 ut
1073 2945 1127 3008 illa
1141 2947 1263 3012 diceres

147 3051 181 3112 in
196 3049 331 3112 maxima
345 3047 499 3110 concione
513 3059 637 3108 tuorum
651 3045 780 3121 civium,
796 3065 863 3128 quae
876 3045 998 3108 dixistis
1010 3045 1133 3126 'Eripite
1147 3069 1207 3110 nos
1219 3069 1263 3109 ex

113 3144 114 3147 ’
147 3151 291 3224 miseriis,
303 3149 415 3224 eripite
426 3141 620 3224 exfaucibus
629 3161 747 3216 eorum,
760 3163 888 3228 quorum
899 3143 1062 3204 crudelitas
1076 3161 1181 3206 nostro
1193 3167 1263 3206 san·

147 3249 244 3324 gur’ne
259 3265 320 3303 non
335 3255 436 3322 potest
451 3237 574 3320 expleri
576 3267 592 3314 ,-
610 3237 703 3303 nobie
719 3243 819 3298 sinere
836 3259 893 3300 nos
906 3243 1050 3326 cuiquam
1066 3248 1183 3305 servire
1200 3245 1264 3304 nisi

149 3336 946 3424 vobisum'versis,qrdbusetpossumusetdebemus.
1254 3345 1256 3351 ⁴

184 3481 286 3550 eripite]
298 3474 433 3528 invehitur
442 3470 580 3544 injudicia
588 3469 690 3524 ordinis
701 3469 843 3542 equestris.

177 3602 322 3656 possumus
341 3591 369 3638 et
387 3583 522 3650 etam]
543 3581 599 3634 bec
617 3580 701 3634 refert
718 3583 745 3634 in
765 3582 943 3654 ὁμιοτιλιὺτου
960 3580 1089 3654 exemplis
1110 3583 1211 3636 Auctor
1230 3583 1263 3638 st

218 3676 337 3726 Herenn.
352 3667 722 3734 111,3.Cie.l>aradox.1v,
738 3669 753 3720 3
765 3687 771 3717 =
786 3665 891 3738 Eripite
911 3685 957 3720 aas
975 3686 1010 3720 ea·
1022 3665 1158 3721 servitute.
1173 3668 1263 3722 Nolite
1328 3697 1331 3704 ·

222 3756 306 3810 stirere
319 3774 364 3808 nos
376 3751 498 3824 respuam
511 3749 607 3804 servire
625 3748 679 3804 uisi
693 3749 761 3802 robis
779 3748 918 3810 uaeberni,
934 3747 1027 3824 quibus
1044 3755 1072 3802 et
1084 3769 1224 3822 possumus
1235 3761 1262 3806 ci

222 3843 351 3896 debemus.

192 3967 347 4032 Priscian.
357 3967 445 4042 vllt,
460 3964 511 4038 tt,
525 3985 556 4046 p.
571 3953 654 4025 bll':
680 3963 716 4024 L.
731 3960 863 4030 Crassus
883 3962 917 4024 in
938 3959 1018 4042 legis
1032 3961 1176 4026 Serviliae
1196 3985 1262 4028 sna·

147 4068 254 4131 sione:
267 4067 368 4152 Neque
381 4085 432 4126 me
444 4069 546 4124 minus
557 4066 657 4124 vostri
666 4082 759 4146 quam
770 4065 834 4122 mei
843 4061 1049 4124 miserebitur.

191 4163 261 4228 Cic.
273 4163 364 4228 Orat.
379 4183 407 4226 c.
422 4161 476 4236 65,
489 4161 571 4226 2192
588 4163 628 4224 Et
651 4157 725 4240 quia
745 4178 808 4222 non
831 4178 962 4222 numero
982 4159 1081 4224 sotum
1096 4179 1261 4223 numerosa

150 4261 263 4336 oratio,
281 4261 379 4322 sedet
394 4258 617 4342 compositione
632 4253 668 4316 iit
682 4265 714 4316 et
728 4273 844 4334 genere
860 4251 1095 4332 concinnitatis,
1113 4249 1261 4339 composi-
