3246 5340
691 427 760 500 333

161 574 342 650 factitasse,
359 576 586 633 manumissum
603 569 717 631 alierum
735 590 769 630 se
773 571 916 651 farnilioe
931 571 1035 630 venali
1055 575 1269 647 imnnscotsse,

171 695 193 731 a
208 691 241 732 se
252 683 426 754 rogantem,
442 687 473 731 us
486 677 518 733 ei
531 676 666 747 serviret,
679 685 826 750 emptum.

214 769 337 832 Charis.
353 771 380 832 1.
397 789 429 853 p.
447 771 486 835 59
504 789 512 830 =
533 767 655 849 Clipeus
673 765 844 832 masculina
860 787 975 848 genere
989 765 1024 830 in
1046 766 1272 847 significatione

171 866 253 928 scuti
267 865 403 948 ponitur,
431 881 462 925 ut
475 865 629 930 Labienus
643 869 700 940 ait,
727 880 838 930 neutro
852 878 955 928 autern
975 885 1090 948 genere
1103 865 1272 950 imaginem

173 958 339 1041 significat.
358 962 418 1026 Sed
430 963 557 1023 Asinius
566 983 624 1041 pro
644 961 784 1024 Urbiniae
800 961 973 1022 haeredibus
984 959 1130 1042 imaginis
1142 962 1274 1044 elipeum
1298 941 1370 1024 215

172 1059 341 1130 masculine
356 1059 452 1121 dixit:
471 1058 592 1139 Clipeos
604 1072 767 1138 praetextae
780 1062 928 1138 imaginis
940 1063 1067 1138 positus.

201 1194 253 1277 pro
268 1200 377 1258 Urbium
389 1201 437 1272 iu]
456 1204 479 1254 N
483 1219 491 1256 ¹.
508 1204 592 1258 Faber
605 1204 639 1258 ad
652 1204 744 1258 Senes.
758 1205 823 1258 Ere.
835 1203 961 1261 Contror.
981 1223 1019 1266 rs,
1040 1221 1068 1274 p.
1090 1202 1141 1256 442
1161 1214 1190 1258 et
1201 1204 1274 1258 Bou·

241 1291 332 1344 damus
341 1291 406 1344 Var.
415 1291 500 1346 Lecti.
513 1311 541 1363 p.
556 1291 600 1358 22,
611 1309 747 1346 correxere
757 1291 896 1362 vulgatum
907 1291 939 1344 dc
946 1288 1085 1360 mancis
1095 1287 1238 1344 lenibus.-

204 1415 302 1508 eb'peus
316 1412 453 1486 magau]
471 1413 593 1488 intellige
608 1413 738 1488 clipeum,
753 1416 782 1470 in
796 1433 851 1484 quo
866 1415 952 1488 imago
967 1415 1023 1469 sivo
1035 1415 1146 1486 προτομή
1159 1414 1274 1488 Impera·

242 1511 308 1550 toris
321 1515 445 1568 expressa
457 1509 508 1550 est.

213 1639 348 1725 Quintil.
364 1643 450 1718 Vlll,
479 1641 511 1718 3,
535 1643 575 1704 32
598 1643 686 1704 zNec
700 1661 719 1702 a
734 1639 841 1703 verbis
864 1643 965 1715 modo,
988 1641 1040 1703 sed
1064 1637 1274 1703 anominibus
1355 1719 1364 1741 ι

174 1759 294 1822 quoque
318 1742 460 1803 derivata
480 1754 553 1802 sunt
565 1741 715 1822 quiedam,
733 1751 796 1800 uta
813 1738 970 1802 Cicerone
993 1739 1162 1814 Sullaturis,
1180 1749 1212 1800 et
1233 1735 1274 1797 ab

166 1839 281 1898 Asinio
293 1838 501 1896 Fimbriaium
515 1849 547 1898 et
555 1837 743 1917 Figulatum.

173 1985 346 2119 suppa]
366 1983 772 2120 s‘¹'³¹‘¹⁵¹¹³³1¹ii'·‘¹¹³⁰¹²'³i{1⁹3⁶
781 1985 956 2121 iiiiii
969 1981 1276 2122 i'imf‘mff‘iii

240 2083 541 2228 sciuuTrZZeizsiiabirs
555 2070 777 2226 Zffligula'turit
790 2153 809 2206 i.
818 2070 849 2208 ξ.
866 2087 1014 2206 L'llusiv‘ni'iini
1023 2151 1050 2203 F
1050 2085 1272 2225 mmmmm

242 2235 426 2302 Fimbriatum,
440 2255 516 2312 quem
529 2256 612 2310 quave
620 2241 748 2292 occasione
756 2241 910 2314 appellaui,
922 2241 1021 2292 nullan
1030 2239 1179 2312 conjiciendi
1185 2259 1274 2296 ansam

243 2321 323 2376 uideo.
334 2323 492 2378 Naiissimus
503 2332 546 2377 ssi
558 2325 590 2380 0.
601 2326 715 2378 Flauius
724 2325 849 2389 Fimbria,
865 2324 954 2378 Cirnce
962 2325 1077 2378 satelles.

214 2456 346 2540 Quintil.
363 2456 422 2532 IX,
439 2457 471 2532 2,
490 2461 507 2522 9
528 2479 536 2519 :
553 2459 785 2540 interrogamus
797 2457 893 2524 etiam
910 2457 1047 2522 instandi
1058 2459 1158 2540 gratia
1172 2472 1204 2522 et
1221 2480 1273 2524 au·

169 2556 307 2620 lerendoe
320 2555 595 2622 dissimulationis:
623 2573 657 2621 ut
676 2561 828 2624 Asinius:
848 2561 990 2622 Audisne
1002 2557 1018 2617 i
1027 2561 1204 2642 furiosum,
1232 2564 1276 2620 in-

168 2679 275 2741 quam,
291 2679 354 2718 non
366 2657 577 2742 inofficiosum
591 2669 805 2722 testamentum
820 2658 1081 2740 reprebendimus.

203 2806 336 2874 Artena]
354 2809 383 2860 iu
400 2807 451 2860 hee
471 2807 601 2871 aratione,
617 2809 721 2878 opinor,
743 2825 774 2859 ea
790 2807 870 2858 verba
883 2805 960 2858 dixit.
980 2805 1163 2858 Thorbeolsins
1175 2817 1222 2858 aut
1242 2809 1275 2864 ad

241 2894 310 2950 hane
331 2894 475 2950 orationem
495 2894 590 2948 autad
613 2905 765 2968 sequentem
778 2909 830 2962 pra
848 2891 971 2945 Liburnia
994 2891 1157 2964 pertinuisse
1182 2895 1276 2947 emtuit

241 2994 271 3050 p.
290 2979 336 3031 ts.

212 3117 244 3178 8.
268 3113 338 3175 Alio
353 3113 477 3176 Asinius
491 3113 609 3198 judicio
621 3109 699 3176 dixit
709 3128 768 3195 pro
784 3111 941 3196 Liburnia,
956 3113 1156 3194 eamdemque
1169 3113 1274 3176 delen·

168 3215 248 3278 disse
262 3213 425 3278 Valerium
439 3214 602 3278 Messalam
622 3216 783 3299 suspicor,
806 3225 843 3274 ut
857 3214 891 3275 in
906 3215 1040 3278 Messala
1053 3214 1273 3278 animadverti.

213 3311 349 3399 Quintil.
366 3317 421 3393 lX,
441 3317 473 3394 2,
493 3315 532 3379 34
547 3337 556 3378 t
572 3317 616 3383 Ui
629 3317 714 3380 dieta
733 3327 836 3376 antem
848 3315 997 3396 quaedam,
1013 3317 1058 3377 ita
1071 3315 1187 3398 scripta
1201 3336 1274 3398 qua·

169 3433 230 3496 que
244 3411 319 3494 fingi
335 3413 457 3476 solent:
479 3415 561 3496 quod
574 3413 650 3476 iacit
671 3410 796 3476 Asinius
809 3431 867 3494 pro
881 3409 1051 3474 Liburnia:
1067 3413 1171 3474 Mater
1185 3435 1274 3484 mea,

166 3533 238 3597 quse
253 3511 330 3570 mibi
344 3525 409 3571 tum
424 3517 585 3573 carissima
599 3528 664 3572 eum
679 3505 938 3592 dulcissimasuii,
952 3533 1083 3596 qumque
1093 3510 1173 3569 midi
1185 3517 1274 3587 uixit,

169 3613 277 3696 bisque
291 3613 399 3672 eodem
414 3613 465 3672 die
482 3618 583 3673 vitam
602 3613 692 3687 ded‘t,
711 3611 890 3694 etreliqua,
907 3613 1035 3687 deinde,
1052 3609 1183 3671 anderes
1196 3627 1273 3674 esto.

168 3709 243 3772 Hoec
259 3729 329 3772 cnm
344 3729 402 3791 per
420 3729 454 3771 se
466 3709 565 3790 ligura
580 3723 636 3785 est,
656 3723 721 3770 tum
736 3708 923 3792 duplicatur,
936 3707 1054 3790 quoties
1073 3707 1154 3768 sieut
1167 3704 1202 3769 in
1215 3707 1274 3770 hae

171 3829 263 3872 eausa
272 3812 310 3872 ad
324 3805 531 3872 imitationem
543 3805 673 3871 alterius
684 3809 846 3894 scripturae
857 3809 1061 3892 componitur.
1077 3807 1275 3870 Namcontra

169 3909 365 3974 recitabatur
378 3922 597 3972 testamentum
619 3909 683 3971 :P.
700 3909 852 3973 Novanius
872 3909 984 3982 Gallio,
1011 3913 1061 3968 cui
1080 3903 1140 3988 egb
1166 3914 1273 3969 omnia

170 4014 372 4071 meritissimo
386 4011 457 4072 volo
470 4026 500 4072 et
514 4009 620 4083 debeo,
633 4030 691 4086 pro
715 4004 784 4092 ejus
798 4013 895 4068 animi
910 4013 942 4067 in
962 4029 1012 4068 me
1025 4028 1148 4068 summa
1166 4008 1273 4069 volun·

167 4125 240 4186 tore,
253 4121 285 4170 et
300 4107 430 4194 adjectis
445 4110 590 4192 deinceps
604 4105 685 4181 aliis,
702 4105 791 4168 iteres
804 4121 881 4168 esta.

166 4261 253 4331 bisque
266 4263 354 4314 eodem
366 4261 423 4330 dre]
442 4262 461 4314 i.
472 4281 496 4316 e.
507 4260 667 4333 voluptutem
678 4259 746 4312 lucis
755 4258 857 4330 duplici
869 4257 946 4310 modo
956 4258 1038 4323 sensi,
1051 4241 1113 4329 quia
1133 4275 1164 4310 ex
1173 4256 1272 4328 optima
