3288 5344
878 404 920 476 12

345 548 428 608 dutus.
435 543 512 618 locis
527 543 742 609 Ciceronianis
757 562 839 606 usus
843 542 926 606 haud
941 542 1073 606 obscure
1089 543 1226 628 prodidit
1239 543 1449 628 Quintilianus

343 627 425 718 XII,
444 643 480 716 9,
495 643 526 706 5.
544 641 688 723 Nequesr
703 640 826 704 nonita
842 639 967 716 fuisset,
984 641 1087 704 multis
1102 641 1207 704 serbis
1225 644 1264 704 ud
1277 662 1344 704 sese
1358 663 1448 704 exem

348 745 496 818 sendum,
514 743 595 824 quod
616 742 715 824 poetis
736 754 769 804 et
788 742 978 825 philosophis
996 762 1123 824 operam
1144 745 1253 818 darm,
1266 745 1310 806 M.
1333 744 1450 806 Tullius

342 853 404 926 'pro
420 839 536 904 Archia
550 839 666 914 dicens,
683 859 758 922 opus
771 859 836 902 esso
848 853 996 922 putasset.

391 941 423 1001 8.
447 935 594 1000 Ceterum
617 935 732 1000 Cicero
756 955 825 1000 non
841 957 904 1000 uno
926 938 997 1000 loco
1015 937 1150 1002 ostendit
1167 956 1279 1000 recens
1292 937 1449 1001 inrectarn

348 1055 415 1100 esse
428 1049 545 1111 artem,
561 1039 651 1116 τέχνην
666 1043 800 1118 ῥητορικήν
802 1081 811 1100 .
786 1035 926 1109 sVide,
938 1051 1005 1115 quse
1023 1035 1061 1096 de
1070 1033 1190 1098 Catone
1200 1033 1447 1104 relertDeorat.

347 1135 414 1211 ΙΙΙ,
431 1135 475 1197 33,
488 1131 581 1216 (ooli.
595 1135 685 1198 Orat.
708 1153 737 1196 c.
759 1133 795 1196 51
808 1134 838 1220 );
856 1137 926 1210 ΙΙΙ,
939 1137 976 1196 51
989 1181 998 1211 ,
1013 1137 1101 1198 Brut.
1121 1156 1149 1198 o.
1176 1135 1215 1198 lt
1230 1148 1264 1198 et
1278 1136 1333 1210 ΙΙ,
1350 1136 1446 1198 ΑιοΙι.

348 1253 379 1294 c.
394 1236 411 1296 6
427 1244 461 1294 et
481 1233 518 1306 t,
537 1231 660 1296 Tuscul.
682 1231 718 1305 Ι,
738 1232 770 1294 3.
786 1231 892 1312 Neque
906 1243 1010 1296 minen
1030 1232 1091 1295 hoc
1105 1231 1239 1313 primum
1253 1231 1449 1313 adspicienti·

347 1331 405 1412 bns
420 1327 656 1392 similitudinem
663 1326 732 1392 reri
747 1329 853 1392 habet.
866 1329 988 1394 Scimus
998 1330 1102 1403 enim,
1120 1328 1343 1394 conmeludiue
1352 1343 1385 1392 et
1394 1347 1451 1392 usu

349 1427 499 1492 nobilium
512 1427 725 1490 Romanorum
738 1443 808 1488 cum
822 1426 944 1488 hubeis
954 1426 1180 1497 intercedente,
1200 1428 1253 1507 qui
1269 1425 1359 1494 hello,
1371 1427 1448 1488 Per-

347 1530 393 1590 sei
409 1526 498 1588 linito
514 1526 553 1588 de
572 1524 682 1607 patriae
700 1526 771 1588 sinu
789 1525 891 1608 erepti
910 1526 1046 1598 lucratu,
1068 1527 1191 1592 ,Graecae
1207 1525 1367 1604 elegantis
1387 1536 1449 1586 etu-

346 1627 434 1690 dium
443 1638 476 1688 et
486 1643 624 1688 amorem
634 1624 811 1688 invaluisse.
826 1627 864 1688 lu
875 1625 1289 1692 hisemineutadolesoentes
1298 1625 1336 1684 P.
1348 1623 1450 1704 Scipio

348 1737 381 1788 ct
401 1726 440 1786 C.
464 1721 590 1799 lulius3
613 1720 772 1804 ipsumque
792 1723 868 1784 adeo
888 1721 1050 1798 Catonem,
1074 1721 1126 1803 qni
1139 1721 1334 1804 philosophos
1352 1722 1452 1784 Roma

348 1822 496 1905 ejiciendi
506 1833 616 1884 auctor
631 1821 743 1894 fumet,
764 1822 903 1884 moribus
915 1821 1041 1884 mutatis
1052 1820 1085 1882 id
1097 1821 1258 1885 indulsisse
1265 1820 1399 1894 scimus„
1417 1832 1452 1880 ut

349 1922 569 1986 exactaterme
583 1933 672 1982 aetate
692 1923 805 1986 Graece
820 1921 955 1984 disceret
968 1919 1054 2004 (Cic.
1072 1919 1142 1984 Cat.
1159 1919 1234 2001 maj.
1250 1940 1280 1981 e.
1299 1920 1329 2006 Ι,
1350 1920 1448 1982 Acad.

349 2025 481 2110 lv,2).
504 2023 626 2085 Deinde
645 2019 855 2094 Carneadem,
878 2021 1048 2086 Critolaum
1070 2033 1103 2084 et
1125 2022 1299 2100 Diogenem
1321 2021 1453 2102 philosu·

349 2127 426 2209 phos
439 2146 476 2188 eo
490 2137 630 2208 tempore
645 2123 776 2190 Athenis
792 2123 978 2186 clarioeimos
991 2123 1142 2202 singulari
1161 2141 1233 2186 casn
1253 2125 1382 2186 Romam
1401 2123 1454 2184 de·

348 2227 430 2288 latus
448 2225 543 2286 trium
563 2222 784 2305 principalium
807 2223 843 2284 in
860 2222 1052 2305 philosophia
1072 2233 1227 2285 sectarum
1249 2223 1364 2306 placita
1376 2233 1452 2284 ¹non

350 2325 452 2388 minus
478 2324 593 2384 diserte
614 2341 706 2403 quam
727 2320 827 2403 perite
849 2320 1039 2402 exposuisse,
1062 2333 1222 2382 eteorum
1249 2320 1325 2384 viris
1349 2321 1450 2402 reipu-

349 2420 442 2482 blicae
454 2418 648 2501 principibus
661 2421 700 2481 de
713 2417 809 2480 variis
819 2417 909 2499 hujus
925 2417 1049 2497 generis
1062 2417 1252 2496 argumentis
1262 2417 1451 2491 disseruisse,

351 2520 552 2584 exCicerone
569 2520 617 2581 De
626 2533 708 2582 orat.
732 2521 777 2592 11,
800 2519 850 2590 37,
866 2518 1060 2602 Quintiliano
1074 2521 1148 2596 Xll,
1168 2523 1198 2593 1,
1217 2521 1268 2596 35,
1284 2533 1317 2582 et
1326 2520 1452 2582 aliunde

351 2616 426 2679 satis
436 2614 647 2695 cognovimus.
663 2613 939 2680 Considerantihus
953 2616 1048 2695 igitur
1056 2617 1230 2678 Romanam
1246 2617 1454 2699 eloquentiam

351 2733 419 2796 prro
425 2712 519 2775 rebus
529 2712 649 2776 Grecis
661 2732 772 2795 parum
785 2713 945 2794 nunqnam
952 2711 1052 2776 videri
1064 2709 1143 2795 (Cio.
1155 2715 1241 2776 Brut.
1253 2734 1282 2776 c.
1301 2714 1355 2792 133
1368 2716 1449 2778 conl.
1483 2749 1486 2754 ·

353 2834 384 2874 c.
403 2811 441 2874 15
454 2821 536 2874 extr.
549 2807 620 2894 )„hi
629 2809 770 2874 homines
779 2821 904 2872 centnm
913 2809 1011 2872 ferme
1024 2821 1099 2878 ante
1114 2808 1287 2885 llorentenr,
1304 2812 1452 2893 quinqua·

350 2909 439 2990 ginta
461 2920 535 2970 ante
555 2919 663 2970 natum
678 2906 861 2972 Ciceronem
881 2907 972 2970 anuis
991 2909 1121 2970 Romam
1139 2909 1234 2972 delati
1251 2909 1327 2972 satis
1341 2912 1455 2974 vetusti

351 3006 434 3069 artis
448 3002 591 3070 oratoriae
610 3005 692 3086 apud
711 3006 868 3068 Romanos
880 3004 981 3066 videri
994 3018 1121 3085 possunt
1139 3018 1279 3068 auctores
1292 3018 1384 3088 atque
1404 3029 1456 3089 pn·

352 3115 472 3166 rentes
493 3102 556 3164 Sed
569 3121 610 3162 ne
632 3101 871 3176 obliviscamur,
897 3121 961 3167 nou
974 3105 1064 3168 modo
1077 3103 1248 3186 Epicureos
1269 3104 1343 3166 olim
1356 3106 1456 3170 Roma

353 3203 488 3285 ejectos,
515 3201 700 3264 indecentiae
718 3202 899 3282 magistros,
924 3203 1091 3266 sedetiam
1111 3217 1216 3286 postea
1237 3204 1291 3266 vix
1309 3205 1457 3270 toleratos

353 3301 483 3364 Graecos
495 3297 652 3375 rhetores
668 3299 734 3363 sola
746 3299 876 3362 fortasse
890 3299 1040 3364 sermonis
1044 3300 1303 3381 „quodocebant
1319 3304 1455 3434 peregri

353 3401 454 3464 nitate
466 3409 556 3462 tutos
562 3399 666 3464 luisse.
1101 3435 1104 3446 ·
1246 3435 1248 3442 v
1389 3441 1391 3450 ‚

398 3502 429 3564 9.
452 3501 533 3566 Nam
549 3500 690 3564 rhetores
703 3512 736 3562 et
748 3497 923 3582 philosophi
942 3497 1022 3562 SCto
1043 3499 1192 3582 ejectiC.
1213 3503 1334 3566 Fannio
1357 3515 1390 3564 et
1410 3451 1451 3566 M.

354 3601 480 3663 Valerio
493 3599 624 3666 Messala
639 3599 724 3664 Coss.
739 3595 787 3682 (a.
801 3601 843 3666 U
859 3597 933 3675 592,
947 3613 1021 3662 ante
1034 3599 1110 3662 Chr.
1126 3601 1220 3688 161).
1237 3604 1453 3666 VideSuetou.

354 3701 498 3768 Declar.
512 3702 610 3764 rhett.
632 3721 663 3762 c.
682 3701 713 3777 1,
728 3702 768 3762 Α.
782 3700 866 3765 Gell.
884 3702 954 3776 XV,
980 3702 1030 3778 11,
1046 3715 1081 3764 ut
1093 3702 1236 3782 Pighium
1250 3717 1282 3766 et
1296 3705 1456 3784 Sigonium

354 3809 511 3860 taceamus
527 3794 574 3879 (p.
598 3795 694 3880 itt),
720 3797 773 3877 qui
792 3818 817 3862 a
831 3798 1011 3862 censoribus
1030 3801 1067 3862 P.
1090 3799 1236 3882 Scipione
1256 3799 1404 3865 Africano
1425 3813 1457 3862 et

354 3897 391 3958 L.
403 3896 549 3960 Mummio
564 3898 661 3959 dehis
675 3896 793 3978 aliquid
805 3897 958 3960 sancitum
972 3919 1039 3962 esse
1050 3913 1250 3962 censuerunt.
1266 3902 1308 3962 bt
1321 3902 1359 3962 L.
1375 3900 1456 3964 Lici·

355 3994 426 4056 nius
439 3995 583 4066 Crassus,
605 3997 641 4058 L.
654 3995 809 4056 Domitius
822 3996 1049 4059 Ahenobarbus
1062 4014 1229 4070 censores,
1250 3998 1377 4062 Latinos
1387 3998 1456 4061 rhe-

354 4103 441 4162 tores
455 4091 636 4170 decivitate
657 4092 754 4172 magis
773 4093 938 4176 cupierunt
957 4095 1084 4170 tollere,
1106 4113 1196 4177 quam
1216 4095 1406 4158 sustulerunt
1424 4085 1468 4180 et¹

263 4215 271 4233 ·
357 4209 427 4255 cttm
445 4189 601 4256 notissimo
616 4190 669 4254 illo
690 4190 791 4256 edicto
805 4191 902 4265 ludos,
919 4191 953 4256 iu
969 4213 1046 4274 quos¹
1061 4192 1419 4266 itareut'adoloscentes,
1436 4213 1455 4254 a
