3212 5326
896 469 962 542 112

374 611 538 687 prorexit.-
555 607 625 668 baie
638 607 785 668 versatile
806 611 964 686 ingenium
979 607 1024 665 sic
1034 611 1156 684 pariter
1174 607 1217 666 od
1227 612 1331 668 omnia
1338 609 1424 688 suit,
1448 619 1478 670 ut

375 723 481 771 nauum
500 709 542 767 ad
559 709 595 771 id
610 729 702 770 uuum
717 709 857 778 diceres,
879 707 1073 792 quodcunque
1089 724 1205 787 ageret.
1231 711 1278 768 Iu
1294 708 1372 768 bello
1385 729 1477 770 mana

365 807 560 886 fhrtissimus
580 805 740 890 multisque
761 804 928 883 insignibus
942 804 1045 866 clarus
1058 810 1181 884 pugnis.
1196 807 1299 876 Idem,
1316 821 1476 890 postquam

373 903 417 962 ad
428 921 557 982 magnos
574 899 704 962 bonores
715 905 863 980 pervenit,
883 919 1021 965 summus
1035 904 1228 978 imperator:
1244 904 1328 962 idem
1345 908 1377 962 ia
1387 923 1474 981 pace,

372 1006 401 1062 si
413 997 469 1081 jus
491 1000 674 1074 comuleres,
696 1004 903 1080 peritissimus
919 1025 929 1060 .·
945 1005 974 1062 si
991 1021 1084 1068 casua
1097 1003 1214 1066 oranda
1227 1017 1319 1077 esset,
1340 1003 1474 1087 eloquea-

371 1105 518 1164 sissimus.
530 1101 593 1164 Nec
603 1106 631 1164 is
644 1115 773 1177 toruum,
786 1095 874 1182 cujus
886 1101 993 1181 lingua
1005 1105 1077 1164 uiro
1087 1095 1129 1163 eo
1143 1107 1285 1182 viguerit,
1296 1122 1473 1164 mouumen-

369 1214 434 1258 tum
445 1199 624 1284 eloquentia
638 1197 752 1257 nullum
766 1211 868 1258 exstet
874 1221 890 1273 ,·
902 1201 977 1260 vivit
986 1202 1049 1258 imo
1058 1203 1202 1284 vigetque
1215 1197 1385 1285 eloquentia
1394 1197 1472 1282 ejus,

322 1306 344 1376 9
369 1315 494 1361 sacrata
525 1304 652 1379 scriptis
676 1303 777 1359 omm's
803 1303 939 1378 generis.
968 1300 1131 1360 Orationes
1154 1315 1184 1360 et
1207 1320 1266 1379 pro
1289 1321 1322 1360 se
1349 1303 1470 1374 multae,

368 1412 399 1456 et
413 1419 472 1476 pro
497 1397 572 1456 aliis
596 1411 627 1456 et
644 1400 676 1456 in
697 1395 786 1456 alios.
808 1392 889 1455 Nam
907 1416 968 1456 non
990 1396 1089 1456 solum
1107 1397 1294 1468 accusando,
1312 1399 1367 1458 sed
1379 1403 1472 1458 etiam

367 1517 495 1558 causam
523 1497 651 1558 dicendo
676 1496 821 1578 fatigavit
850 1499 1004 1572 inimicos.
1034 1497 1212 1558 Simultates
1242 1499 1339 1560 nimio
1370 1497 1472 1576 plures

366 1609 571 1655 exercuerunt
598 1615 669 1654 eum
699 1609 730 1654 et
761 1597 828 1673 ipse
858 1598 994 1654 exercuit
1027 1614 1081 1654 eas
1090 1619 1105 1670 ;
1132 1613 1189 1653 nec
1206 1593 1307 1678 facile
1336 1595 1469 1670 dixeris,

304 1691 306 1698 '
367 1700 577 1776 utrummagis
585 1699 809 1774 presseriteum
819 1692 1089 1766 nobilitas,onille
1098 1697 1259 1774 agitaverit
1267 1693 1469 1756 nobilitatem.

366 1794 483 1873 Asperi
490 1795 601 1874 procul
610 1794 702 1854 dubio
717 1796 864 1854 animi-et
874 1792 987 1874 liuguae
1001 1777 1125 1854 acerbos
1140 1808 1169 1854 et
1181 1795 1348 1862 immodice
1362 1794 1468 1855 liberae
1527 1864 1533 1880 ,

354 1893 436 1972 ficit,
449 1893 507 1954 sed
519 1897 625 1956 invicti
637 1916 657 1952 a
668 1889 886 1972 cupiditatibus
896 1875 995 1952 animi
1008 1905 1038 1952 et
1053 1893 1168 1972 rigida
1183 1895 1366 1956 innocentior
1372 1915 1388 1968 ,·
1400 1914 1467 1954 com

362 2005 495 2072 temptor
510 1996 633 2074 gratiae,
648 1991 833 2052 diuitiarum.
847 1991 887 2052 In
904 1995 1112 2070 parcimonia,
1127 1995 1158 2050 io
1174 1995 1327 2070 patientia
1341 1990 1467 2060 laboris,

359 2089 503 2166 periculi,
509 2091 614 2171 fhrrei
618 2107 716 2166 prope
725 2092 1033 2173 corporisauimique,
1042 2106 1180 2172 quemue
1189 2102 1327 2150 senectia
1334 2089 1466 2172 quidem,

359 2208 430 2270 quar
452 2187 538 2249 solvit
557 2189 674 2258 omnia,
686 2186 826 2265 fregerit
834 2210 850 2260 ,·
870 2189 922 2269 qui
933 2200 1057 2244 sextum
1078 2199 1108 2244 et
1119 2189 1338 2264 octogesimum
1356 2207 1466 2250 aurium

358 2307 456 2366 agens
471 2307 597 2347 causam
613 2287 738 2357 diberit,
767 2287 835 2362 ipse
845 2305 905 2363 pro
921 2305 956 2345 se
975 2289 1106 2346 oraverit
1119 2290 1346 2370 scripseritque,
1374 2307 1465 2348 nona·-

357 2390 479 2467 gesimo
493 2405 574 2444 anno
588 2384 728 2445 Servium
744 2379 880 2442 Galbam
894 2383 938 2442 ad
949 2381 1059 2464 populi
1071 2385 1237 2444 adduxerit
1249 2383 1411 2468 judicium.
1426 2417 1465 2434 -

360 2482 439 2545 Cum
453 2493 532 2542 esset
542 2481 633 2540 homo
648 2498 747 2540 novus
757 2490 790 2542 et
800 2497 927 2542 severus
937 2475 1077 2542 moribus
1088 2492 1181 2562 atque
1194 2479 1234 2542 ab
1249 2481 1334 2544 omni
1345 2481 1464 2546 luxuria

359 2579 489 2655 alienus,
515 2577 683 2653 nobilitati,
708 2595 773 2659 quae
788 2589 853 2642 tum
873 2577 1013 2662 potentia
1033 2589 1064 2639 et
1082 2577 1199 2642 divitiis
1221 2579 1412 2660 abundabat,
1433 2604 1463 2646 se

305 2663 310 2674 l
359 2679 501 2764 opposuit
513 2697 550 2742 ao
560 2679 705 2762 princeps
716 2697 824 2741 eorum
837 2678 906 2754 luit,
931 2675 1151 2761 quisuperbiae
1175 2662 1370 2766 optimatium
1392 2683 1463 2748 resi·

358 2789 455 2852 stere,
467 2789 606 2859 sumptus
617 2775 664 2838 rei
675 2775 808 2858 pnblicae
819 2777 973 2852 minuere,
987 2775 1092 2837 luxum
1107 2779 1341 2860 omnisgeneris
1355 2780 1389 2843 in
1399 2781 1462 2843 vita

357 2879 484 2963 public‘a
500 2892 592 2960 atque
613 2871 736 2963 privata
750 2878 936 2962 exstirpare,
959 2877 1152 2960 direptiones
1170 2879 1327 2942 sociorum
1342 2877 1376 2944 in
1389 2903 1461 2966 pro·

356 2977 479 3053 vinciis,
496 2993 571 3058 quas
583 2986 732 3058 pretores
747 2975 941 3040 committere
961 2973 1112 3048 solebant,
1132 2975 1313 3057 prohibere,
1329 2973 1460 3062 impera·

355 3091 458 3142 torum
473 3077 633 3160 peculatus
643 3075 756 3156 punire
767 3087 860 3156 atque
873 3073 992 3136 nobiles
1011 3094 1030 3146 a
1043 3073 1171 3137 summis
1184 3073 1369 3154 honoribus,
1389 3099 1460 3162 quos

351 3179 399 3241 illi
415 3193 571 3260 tamquam
587 3175 659 3258 jure
678 3194 733 3236 suo
750 3174 964 3250 vindicarunt,
985 3175 1138 3258 repellere
1158 3175 1264 3240 conati
1284 3191 1369 3241 sunt.
1394 3179 1459 3245 lluc

352 3271 495 3356 pertinet
507 3269 629 3350 rogatio
643 3270 720 3354 ejus,
736 3271 789 3331 Ne
799 3272 882 3330 idem
898 3274 1008 3330 iterum
1021 3273 1199 3355 canonistas,
1223 3286 1256 3335 et
1271 3275 1378 3352 multae
1394 3279 1458 3342 elie

352 3373 450 3456 leges.
466 3371 534 3430 Hac
546 3365 713 3430 severitate
733 3385 854 3429 morum
867 3363 1053 3431 inimicitias
1069 3370 1163 3450 gessit
1173 3390 1248 3432 ,cum
1262 3371 1456 3452 Flamininis,

351 3461 562 3550 Scipionibus,
579 3463 747 3543 Marcellis,
771 3459 970 3527 nobilissimis
984 3465 1195 3526 Romanorum
1216 3467 1383 3548 gentibus,
1407 3474 1456 3554 qui

353 3585 422 3628 cum
433 3564 551 3632 virtute
566 3580 603 3623 ae
618 3555 740 3622 meritis
754 3571 819 3621 tum
834 3560 952 3622 divitiis
967 3559 1126 3646 principes
1143 3563 1339 3645 optimatium
1352 3583 1452 3633 erant.

351 3665 537 3729 Innocentio
550 3662 617 3748 ejus
635 3659 784 3724 etodium
798 3661 947 3727 adversus
960 3681 1024 3734 eos,
1040 3665 1093 3743 qui
1107 3659 1142 3725 in
1162 3663 1327 3748 provincia
1347 3671 1454 3732 crude·

349 3767 424 3830 liter
448 3779 501 3828 ant
520 3763 687 3826 libidinose
708 3782 741 3824 se
762 3759 935 3844 gerebant,
958 3775 990 3826 et
1010 3759 1132 3825 luxuria
1161 3777 1253 3848 atque
1272 3765 1454 3832 libidinibus

351 3886 455 3934 mores
462 3867 674 3938 Romanorum
688 3863 871 3944 perdebant,
889 3882 981 3928 causa
996 3859 1064 3942 luit,
1081 3875 1212 3926 curtam
1225 3864 1331 3930 multis
1342 3888 1452 3932 oonsu-

350 3968 480 4042 laribus,
497 3963 694 4048 praetoribus,
707 3963 949 4046 imperatoribus
969 3963 1052 4027 diem
1069 3963 1198 4028 diceret.
1218 3967 1321 4050 Atque
1336 3971 1452 4046 Plinius

351 4069 429 4132 dicit
443 4065 538 4151 (Hist.
554 4069 628 4130 Nat.
642 4065 713 4138 vll,
727 4063 783 4149 2¹1)
796 4091 806 4125 e
820 4059 988 4145 Proprium
1001 4081 1047 4125 est
1064 4065 1198 4142 Catonis,
1220 4085 1328 4153 quater
1339 4089 1371 4132 et
1383 4095 1450 4159 qua·

350 4169 472 4248 dragies
481 4184 606 4224 causam
615 4163 747 4235 dixisse,
762 4182 818 4222 uec
827 4181 1008 4247 quemquam
1017 4167 1133 4242 sapius
1142 4165 1325 4242 postulatum
1335 4185 1366 4230 et
1375 4190 1449 4230 sem.

349 4289 408 4347 per
423 4265 603 4328 absolutum.
626 4261 807 4330 octodecim
824 4263 1005 4337 orationes,
1027 4282 1065 4326 ac
1086 4262 1190 4345 plures
1211 4264 1352 4345 fortasse,
1373 4268 1447 4334 inci·
