3218 5320
661 466 731 536 383

217 603 287 654 Maio
305 601 414 652 detectae
426 599 555 670 etltloeque
575 615 648 654 suut.
668 602 709 654 Ad
723 601 844 654 eumdem
867 602 1010 672 Agerium,
1028 601 1060 652 ad
1078 619 1155 670 quem
1169 601 1252 654 litera

218 688 320 757 priores
330 698 393 738 sunt
402 685 498 748 missa,
518 699 603 738 exstat
612 686 733 757 Epistola
746 689 768 747 l,
781 687 825 749 bi,
839 688 867 738 iu
882 681 964 758 cujus'
971 685 1104 756 principio
1122 685 1249 757 legimus:

173 815 176 822 .
220 769 369 822 Orationem
385 787 464 822 meam
478 767 525 822 titi
536 789 591 821 esse
610 769 800 842 complacitam,
819 764 898 822 nr'ltr'lo
914 769 1020 839 sequius
1039 768 1158 841 gaudeo,
1177 787 1253 839 quarn

216 854 286 922 quad
297 861 353 906 cnm
368 854 481 906 secunda
498 853 689 906 eatitimatt'one
701 873 769 924 pars
780 854 867 906 melrbr
884 852 993 905 tamam·
1003 857 1115 925 generis,
1137 861 1254 913 senatur,

217 938 327 992 audibit.
351 940 382 991 ln
397 938 479 992 alteru
499 941 582 1012 igitur
601 941 737 994 madonis
754 953 830 1011 parte
849 957 899 1011 pro
915 939 1040 991 restituto
1059 949 1133 1010 patre
1150 941 1255 990 senatui

214 1023 311 1094 gratias
336 1023 399 1094 agit,
425 1023 452 1074 in
476 1023 559 1076 altera
577 1023 664 1076 filium
681 1025 801 1096 Trygeti,
822 1037 852 1076 ut
872 1034 1014 1098 praeturam
1033 1021 1163 1084 obtineat,
1183 1038 1254 1072 conr-

217 1107 333 1159 mendat.
503 1101 506 1110 “

190 1249 392 1332 Symmachus
411 1249 559 1331 llosperio
575 1250 617 1332 (Ι,
645 1249 789 1332 78:72)
807 1271 816 1310 t
837 1249 923 1312 Unus
944 1248 1042 1313 adhue
1069 1264 1198 1328 superas
1219 1263 1256 1312 ex

146 1347 348 1424 summatibus
358 1345 532 1422 literarum,
549 1350 601 1408 eui
613 1349 744 1430 probari
763 1349 939 1410 orationem
958 1366 1059 1411 meam
1070 1345 1172 1408 laudis
1184 1363 1258 1418 aua-

149 1465 203 1506 rus
217 1445 361 1526 optarim.
377 1445 438 1506 Res
448 1445 563 1512 cecidit
578 1465 617 1506 ex
629 1458 720 1519 rot03
737 1458 808 1506 utor
824 1457 916 1522 teste,
932 1465 994 1525 quo
1005 1444 1100 1514 volui.

120 1623 123 1630 .
182 1585 195 1614 *
210 1582 298 1648 volui]
317 1581 399 1634 codex
413 1583 515 1652 Regius
526 1582 654 1653 optimus.
670 1583 761 1654 Vulgo
774 1581 839 1634 volo.

189 1709 393 1794 Symmachus
410 1709 542 1792 Syagrio
559 1707 606 1790 (l,
625 1710 685 1794 96)
701 1707 875 1783 :Studium
893 1710 975 1789 quod
987 1708 1161 1771 scribendis
1186 1727 1255 1768 ora·

151 1805 289 1868 tionibus
302 1805 498 1882 exhibebam,
516 1807 644 1888 praemio
660 1805 759 1868 laudis
781 1807 904 1868 auxisti.

184 1946 197 1972 ¹*
215 1943 378 2010 exhibebam]
400 1942 466 1995 cod.
488 1943 578 2015 Vulgo
595 1942 740 1997 calibem

191 2069 394 2150 Symmachus
404 2069 537 2152 Syagrio
553 2067 596 2151 (l,
614 2070 673 2132 105
685 2069 718 2150 ):
736 2072 783 2131 Ne
798 2070 929 2131 otiosum
940 2064 1063 2150 penitus
1077 2068 1256 2141 arbitreris,

151 2168 310 2230 committo
320 2166 486 2228 eruditioni
496 2178 555 2227 tuas
564 2165 744 2246 vigiliarum
756 2183 896 2230 mearum
909 2179 1018 2228 testem
1029 2165 1179 2242 libellum,
1198 2185 1258 2248 quo

151 2284 255 2347 nuper
273 2264 305 2326 in
320 2277 431 2327 senatu
443 2265 551 2326 sustuli
570 2265 685 2327 civium
700 2267 836 2328 secunda
850 2264 1009 2344 suffragia.

186 2401 357 2469 *NeJCoth
377 2414 476 2453 neme.

190 2525 390 2607 Symmachus
409 2521 473 2586 Jul.
492 2525 619 2586 Rustico
636 2521 718 2607 (tlt,
732 2523 750 2585 7
765 2527 799 2608 ):
818 2523 994 2588 Arbitrium
1009 2539 1041 2588 te
1060 2547 1179 2588 assumo
1196 2530 1260 2612 epi·

149 2627 298 2686 stolarum
312 2643 465 2684 mearum.
482 2621 578 2704 Cape,
595 2623 712 2700 siquid
731 2621 771 2682 ab
786 2621 947 2701 republica
961 2643 1066 2694 vacas,
1083 2626 1261 2688 oratiuncu·
1366 2679 1370 2690 .

150 2722 213 2780 lam
227 2733 379 2790 nostram,
397 2717 486 2797 cujus
500 2717 625 2778 edendae
639 2717 784 2778 fiduciam
797 2715 874 2778 mihi
888 2719 979 2780 favor
990 2715 1104 2781 civium
1119 2721 1215 2784 dedit.

189 2863 203 2890 *
217 2855 298 2924 ηιίΙιί]
322 2857 389 2910 Cod.
405 2823 495 2928 ¹Vulgo
507 2857 592 2909 deest.

195 2983 399 3068 Symmachus
413 2983 561 3045 Protadio
585 2981 653 3064 (lV,
669 2981 729 3057 29)
744 3002 752 3040 ι
769 2982 833 3060 Ego
848 2993 953 3042 tamen
968 2983 1018 3043 vel
1033 2983 1200 3044 tradendas
1212 3005 1261 3052 eo·
1289 2973 1359 3046 265

154 3104 226 3145 ram
248 3079 307 3143 tibi
332 3083 463 3144 afratre
479 3093 587 3142 nostro
602 3080 757 3144 Minervio
784 3079 860 3142 duas
883 3078 1094 3144 oratiunculas
1112 3103 1195 3146 meas
1214 3086 1265 3146 vel

153 3181 324 3243 mittendas
342 3181 377 3244 in
395 3181 531 3260 patriam
552 3176 694 3242 fidelitati
718 3177 783 3258 ejus
797 3178 923 3256 ingessi.
941 3177 1129 3244 Communes
1145 3193 1261 3257 tamen,

154 3304 194 3343 ne
205 3282 357 3344 orationis
369 3281 460 3344 unius
471 3281 560 3342 titulo
572 3293 710 3344 mutetur
721 3281 760 3340 de
771 3299 820 3340 me
832 3278 1020 3354 existimatio
1034 3293 1098 3342 tua.
1115 3284 1195 3344 Nam
1214 3305 1262 3346 re·

153 3380 280 3461 pudiata
305 3395 438 3440 censura
461 3390 572 3457 gravat
596 3397 652 3438 nos
676 3376 834 3461 principio
863 3377 928 3438 sola
954 3378 1133 3456 argumenti
1160 3379 1261 3464 inspe-

154 3477 268 3540 ctione.
289 3476 350 3538 Sed
374 3475 435 3535 ubi-
455 3471 541 3536 dicta
564 3473 696 3552 legeris,
724 3491 795 3535 cnm
813 3475 968 3535 sententia
986 3494 1055 3536 mea
1073 3473 1107 3534 in
1130 3477 1262 3552 gratiam

152 3576 334 3639 reverteris.
352 3577 442 3637 Hanc
457 3587 593 3656 partem,¹
608 3595 678 3655 quta
692 3587 877 3658 tempestate
896 3574 1016 3656 rejecta
1030 3587 1087 3650 est,
1105 3576 1198 3638 totius
1213 3597 1263 3640 or·

154 3672 238 3735 dinis
258 3673 360 3734 nostri
385 3673 530 3734 antetulit
545 3673 726 3746 auctoritas,
744 3693 785 3736 ne
799 3675 855 3735 sub
878 3673 1018 3755 specioso
1038 3673 1166 3735 nomine
1181 3674 1264 3739 fores

154 3772 355 3857 impudentiae
370 3774 490 3836 ambire
502 3774 600 3835 solitis
609 3777 835 3855 panderentur.
850 3775 960 3836 Plures
968 3770 1114 3835 utilitatis
1124 3787 1155 3836 et
1169 3777 1262 3840 houe-

156 3871 246 3934 statis
260 3873 448 3934 assertiones
461 3871 495 3932 in
511 3872 579 3952 ipso
593 3889 727 3955 corpore
741 3869 896 3934 orationis
912 3871 1065 3934 invenies.

193 4019 335 4090 Protadio]
356 4025 410 4075 llas
424 4023 556 4074 orationes
570 4024 701 4094 accepisse
711 4043 739 4076 se
752 4037 865 4077 testatur
874 4025 1013 4080 Protatlius
1027 4024 1164 4096 (1V,30):
1181 4027 1204 4076 T
1200 4044 1262 4084 ran,-
1301 4021 1303 4026 ⁵

226 4121 255 4154 eo
265 4107 302 4155 ad
313 4123 368 4156 eam
378 4101 496 4157 sermonis
511 4103 673 4174 luipartem,
687 4123 747 4175 quta
760 4105 904 4158 orationum
927 4123 1039 4160 marum
1054 4107 1207 4160 dest'clertirm
1216 4094 1261 4160 iu-

226 4185 305 4236 detur
313 4187 450 4259 attingere.
465 4185 516 4240 At's
529 4187 556 4241 t'tt
564 4205 655 4240 manus
668 4185 837 4258 transscripta
855 4191 1062 4256 insererentur,
1072 4190 1164 4254 fratre
1177 4195 1263 4242 no's'lro

231 4271 357 4326 Mineruio
365 4273 509 4342 proditore.
