<?xml version="1.0" encoding="UTF-8"?>
<!DOCTYPE html PUBLIC "-//W3C//DTD XHTML 1.0 Transitional//EN"
    "http://www.w3.org/TR/xhtml1/DTD/xhtml1-transitional.dtd">
<html xmlns="http://www.w3.org/1999/xhtml" xml:lang="en" lang="en">
 <head>
  <title>
</title>
<meta http-equiv="Content-Type" content="text/html;charset=utf-8" />
  <meta name='ocr-system' content='tesseract 3.04.00' />
  <meta name='ocr-capabilities' content='ocr_page ocr_carea ocr_par ocr_line ocrx_word'/>
</head>
<body>
  <div class='ocr_page' id='page_1' title='image "./oratorumromanor01meyegoog_0073.png"; bbox 0 0 3288 5344; ppageno 0'>
   <div class='ocr_carea' id='block_1_1' title="bbox 859 422 942 518">
    <p class='ocr_par' dir='ltr' id='par_1_1' title="bbox 859 422 942 518">
     <span class='ocr_line' id='line_1_1' title="bbox 859 422 942 518; baseline 0 0"><span class='ocrx_word' id='word_1_1' title='bbox 859 422 942 518; x_wconf 73' lang='lat' dir='ltr'><strong>‘ts</strong></span> 
     </span>
    </p>
   </div>
   <div class='ocr_carea' id='block_1_2' title="bbox 278 581 1466 1456">
    <p class='ocr_par' dir='ltr' id='par_1_2' title="bbox 278 581 1466 958">
     <span class='ocr_line' id='line_1_2' title="bbox 367 581 1466 666; baseline 0.005 -23"><span class='ocrx_word' id='word_1_2' title='bbox 367 599 445 652; x_wconf 88' lang='lat' dir='ltr'><strong>mus,</strong></span> <span class='ocrx_word' id='word_1_3' title='bbox 463 599 522 643; x_wconf 88' lang='lat' dir='ltr'><strong>cur</strong></span> <span class='ocrx_word' id='word_1_4' title='bbox 540 581 575 643; x_wconf 93' lang='lat' dir='ltr'><strong>C.</strong></span> <span class='ocrx_word' id='word_1_5' title='bbox 598 581 722 658; x_wconf 82' lang='lat' dir='ltr'><strong>Marius,</strong></span> <span class='ocrx_word' id='word_1_6' title='bbox 739 582 826 664; x_wconf 86' lang='lat' dir='ltr'><strong>cujus</strong></span> <span class='ocrx_word' id='word_1_7' title='bbox 841 601 975 646; x_wconf 83' lang='lat' dir='ltr'><strong>moerore</strong></span> <span class='ocrx_word' id='word_1_8' title='bbox 994 586 1027 644; x_wconf 92' lang='lat' dir='ltr'><strong>in</strong></span> <span class='ocrx_word' id='word_1_9' title='bbox 1047 585 1099 644; x_wconf 59' lang='grc' dir='ltr'><strong>Μ’]</strong></span> <span class='ocrx_word' id='word_1_10' title='bbox 1119 584 1255 666; x_wconf 84' lang='lat' dir='ltr'><strong>Aquillio</strong></span> <span class='ocrx_word' id='word_1_11' title='bbox 1274 585 1466 648; x_wconf 87' lang='lat' dir='ltr'><strong>delendendo</strong></span> 
     </span>
     <span class='ocr_line' id='line_1_3' title="bbox 278 671 1466 766; baseline 0.007 -26"><span class='ocrx_word' id='word_1_12' title='bbox 278 671 279 676; x_wconf 60' lang='grc'>’</span> <span class='ocrx_word' id='word_1_13' title='bbox 366 699 553 762; x_wconf 82' lang='lat' dir='ltr'><strong>magnopere</strong></span> <span class='ocrx_word' id='word_1_14' title='bbox 564 679 685 760; x_wconf 80' lang='lat' dir='ltr'><strong>adjutus</strong></span> <span class='ocrx_word' id='word_1_15' title='bbox 697 679 822 755; x_wconf 90' lang='lat' dir='ltr'><strong>dicitur,</strong></span> <span class='ocrx_word' id='word_1_16' title='bbox 841 693 911 762; x_wconf 89' lang='lat' dir='ltr'><strong>post</strong></span> <span class='ocrx_word' id='word_1_17' title='bbox 927 679 959 742; x_wconf 94' lang='lat' dir='ltr'><strong>in</strong></span> <span class='ocrx_word' id='word_1_18' title='bbox 974 681 1132 744; x_wconf 75' lang='lat' dir='ltr'><strong>exitiabile</strong></span> <span class='ocrx_word' id='word_1_19' title='bbox 1146 684 1213 766; x_wconf 88' lang='lat' dir='ltr'><strong>ejus</strong></span> <span class='ocrx_word' id='word_1_20' title='bbox 1226 683 1330 746; x_wconf 90' lang='lat' dir='ltr'><strong>odium</strong></span> <span class='ocrx_word' id='word_1_21' title='bbox 1344 703 1466 748; x_wconf 83' lang='lat' dir='ltr'><strong>exarse-</strong></span> 
     </span>
     <span class='ocr_line' id='line_1_4' title="bbox 365 778 1466 861; baseline 0.005 -21"><span class='ocrx_word' id='word_1_22' title='bbox 365 779 420 840; x_wconf 91' lang='lat' dir='ltr'><strong>rit.</strong></span> <span class='ocrx_word' id='word_1_23' title='bbox 436 781 514 839; x_wconf 83' lang='lat' dir='ltr'><strong>Nam</strong></span> <span class='ocrx_word' id='word_1_24' title='bbox 533 778 865 856; x_wconf 86' lang='lat' dir='ltr'><strong>nequeSaturniniani</strong></span> <span class='ocrx_word' id='word_1_25' title='bbox 885 779 1033 861; x_wconf 86' lang='lat' dir='ltr'><strong>temporis</strong></span> <span class='ocrx_word' id='word_1_26' title='bbox 1052 781 1203 842; x_wconf 89' lang='lat' dir='ltr'><strong>memoria</strong></span> <span class='ocrx_word' id='word_1_27' title='bbox 1222 793 1342 857; x_wconf 87' lang='lat' dir='ltr'><strong>tantum</strong></span> <span class='ocrx_word' id='word_1_28' title='bbox 1360 782 1466 846; x_wconf 80' lang='lat' dir='ltr'><strong>valere</strong></span> 
     </span>
     <span class='ocr_line' id='line_1_5' title="bbox 366 875 1466 958; baseline 0.004 -21"><span class='ocrx_word' id='word_1_29' title='bbox 366 877 482 957; x_wconf 81' lang='lat' dir='ltr'><strong>pomis,</strong></span> <span class='ocrx_word' id='word_1_30' title='bbox 497 887 529 936; x_wconf 90' lang='lat' dir='ltr'><strong>et</strong></span> <span class='ocrx_word' id='word_1_31' title='bbox 543 875 672 956; x_wconf 90' lang='lat' dir='ltr'><strong>Aquillii</strong></span> <span class='ocrx_word' id='word_1_32' title='bbox 691 893 784 937; x_wconf 85' lang='lat' dir='ltr'><strong>causa</strong></span> <span class='ocrx_word' id='word_1_33' title='bbox 806 887 875 957; x_wconf 89' lang='lat' dir='ltr'><strong>post</strong></span> <span class='ocrx_word' id='word_1_34' title='bbox 895 876 988 938; x_wconf 82' lang='lat' dir='ltr'><strong>etiarn</strong></span> <span class='ocrx_word' id='word_1_35' title='bbox 1011 891 1082 938; x_wconf 85' lang='lat' dir='ltr'><strong>ncta</strong></span> <span class='ocrx_word' id='word_1_36' title='bbox 1103 891 1160 938; x_wconf 86' lang='lat' dir='ltr'><strong>est.</strong></span> <span class='ocrx_word' id='word_1_37' title='bbox 1184 875 1343 958; x_wconf 80' lang='lat' dir='ltr'><strong>Praeci&#39;pue</strong></span> <span class='ocrx_word' id='word_1_38' title='bbox 1363 891 1466 942; x_wconf 84' lang='lat' dir='ltr'><strong>autem</strong></span> 
     </span>
    </p>

    <p class='ocr_par' dir='ltr' id='par_1_3' title="bbox 289 975 1465 1456">
     <span class='ocr_line' id='line_1_6' title="bbox 365 975 1465 1060; baseline 0.003 -22"><span class='ocrx_word' id='word_1_39' title='bbox 365 977 477 1055; x_wconf 83' lang='lat' dir='ltr'><strong>gaudet</strong></span> <span class='ocrx_word' id='word_1_40' title='bbox 487 975 611 1049; x_wconf 86' lang='lat' dir='ltr'><strong>Cicero,</strong></span> <span class='ocrx_word' id='word_1_41' title='bbox 625 975 710 1054; x_wconf 88' lang='lat' dir='ltr'><strong>quod</strong></span> <span class='ocrx_word' id='word_1_42' title='bbox 715 986 820 1053; x_wconf 82' lang='lat' dir='ltr'><strong>gratos</strong></span> <span class='ocrx_word' id='word_1_43' title='bbox 829 975 965 1038; x_wconf 90' lang='lat' dir='ltr'><strong>Antonio</strong></span> <span class='ocrx_word' id='word_1_44' title='bbox 976 975 1069 1039; x_wconf 90' lang='lat' dir='ltr'><strong>luisse</strong></span> <span class='ocrx_word' id='word_1_45' title='bbox 1078 979 1112 1038; x_wconf 85' lang='lat' dir='ltr'><strong>L.</strong></span> <span class='ocrx_word' id='word_1_46' title='bbox 1126 977 1311 1041; x_wconf 75' lang='lat' dir='ltr'><strong>Ciceronem</strong></span> <span class='ocrx_word' id='word_1_47' title='bbox 1321 991 1465 1060; x_wconf 82' lang='lat' dir='ltr'><strong>patruum</strong></span> 
     </span>
     <span class='ocr_line' id='line_1_7' title="bbox 289 1053 1465 1154; baseline 0.003 -21"><span class='ocrx_word' id='word_1_48' title='bbox 289 1053 295 1066; x_wconf 38' lang='lat'>⁸</span> <span class='ocrx_word' id='word_1_49' title='bbox 366 1093 464 1145; x_wconf 81' lang='lat' dir='ltr'><strong>suurn,</strong></span> <span class='ocrx_word' id='word_1_50' title='bbox 486 1085 520 1133; x_wconf 85' lang='lat' dir='ltr'><strong>et</strong></span> <span class='ocrx_word' id='word_1_51' title='bbox 541 1074 575 1132; x_wconf 88' lang='lat' dir='ltr'><strong>L.</strong></span> <span class='ocrx_word' id='word_1_52' title='bbox 591 1072 779 1133; x_wconf 70' lang='lat' dir='ltr'><strong>Aculeonem</strong></span> <span class='ocrx_word' id='word_1_53' title='bbox 800 1083 833 1132; x_wconf 90' lang='lat' dir='ltr'><strong>et</strong></span> <span class='ocrx_word' id='word_1_54' title='bbox 851 1073 894 1132; x_wconf 87' lang='grc' dir='ltr'><strong>Μ.</strong></span> <span class='ocrx_word' id='word_1_55' title='bbox 915 1073 1048 1134; x_wconf 83' lang='lat' dir='ltr'><strong>Marium</strong></span> <span class='ocrx_word' id='word_1_56' title='bbox 1065 1070 1292 1154; x_wconf 85' lang='lat' dir='ltr'><strong>allinesssepius</strong></span> <span class='ocrx_word' id='word_1_57' title='bbox 1306 1071 1465 1138; x_wconf 88' lang='lat' dir='ltr'><strong>inculcare</strong></span> 
     </span>
     <span class='ocr_line' id='line_1_8' title="bbox 365 1171 1465 1256; baseline 0.003 -21"><span class='ocrx_word' id='word_1_58' title='bbox 365 1181 477 1256; x_wconf 86' lang='lat' dir='ltr'><strong>potest.</strong></span> <span class='ocrx_word' id='word_1_59' title='bbox 491 1173 530 1235; x_wconf 88' lang='lat' dir='ltr'><strong>V.</strong></span> <span class='ocrx_word' id='word_1_60' title='bbox 542 1175 630 1233; x_wconf 79' lang='lat' dir='ltr'><strong>Brut.</strong></span> <span class='ocrx_word' id='word_1_61' title='bbox 649 1191 677 1234; x_wconf 89' lang='lat' dir='ltr'><strong>c.</strong></span> <span class='ocrx_word' id='word_1_62' title='bbox 696 1171 750 1244; x_wconf 80' lang='lat'><strong>45,</strong></span> <span class='ocrx_word' id='word_1_63' title='bbox 766 1174 907 1234; x_wconf 82' lang='lat' dir='ltr'><strong>Deortt.</strong></span> <span class='ocrx_word' id='word_1_64' title='bbox 920 1175 963 1248; x_wconf 92' lang='lat'><strong>11,</strong></span> <span class='ocrx_word' id='word_1_65' title='bbox 979 1177 1009 1233; x_wconf 89' lang='lat'><strong>1.</strong></span> <span class='ocrx_word' id='word_1_66' title='bbox 1021 1171 1040 1209; x_wconf 79' lang='lat'>*</span> <span class='ocrx_word' id='word_1_67' title='bbox 1074 1175 1121 1236; x_wconf 91' lang='lat' dir='ltr'><strong>De</strong></span> <span class='ocrx_word' id='word_1_68' title='bbox 1136 1173 1274 1236; x_wconf 85' lang='lat' dir='ltr'><strong>moribus</strong></span> <span class='ocrx_word' id='word_1_69' title='bbox 1289 1174 1367 1236; x_wconf 88' lang='lat' dir='ltr'><strong>nihil</strong></span> <span class='ocrx_word' id='word_1_70' title='bbox 1380 1189 1465 1238; x_wconf 89' lang='lat' dir='ltr'><strong>nota·</strong></span> 
     </span>
     <span class='ocr_line' id='line_1_9' title="bbox 365 1268 1461 1354; baseline 0 -21"><span class='ocrx_word' id='word_1_71' title='bbox 365 1285 430 1333; x_wconf 90' lang='lat' dir='ltr'><strong>tum</strong></span> <span class='ocrx_word' id='word_1_72' title='bbox 443 1270 584 1345; x_wconf 85' lang='lat' dir='ltr'><strong>invenio,</strong></span> <span class='ocrx_word' id='word_1_73' title='bbox 602 1270 664 1346; x_wconf 84' lang='lat' dir='ltr'><strong>nisi</strong></span> <span class='ocrx_word' id='word_1_74' title='bbox 679 1271 760 1350; x_wconf 90' lang='lat' dir='ltr'><strong>quod</strong></span> <span class='ocrx_word' id='word_1_75' title='bbox 775 1268 944 1351; x_wconf 78' lang='lat' dir='ltr'><strong>Appuleius</strong></span> <span class='ocrx_word' id='word_1_76' title='bbox 957 1271 1086 1352; x_wconf 82' lang='lat' dir='ltr'><strong>Apolog.</strong></span> <span class='ocrx_word' id='word_1_77' title='bbox 1104 1291 1130 1332; x_wconf 88' lang='lat' dir='ltr'><strong>s.</strong></span> <span class='ocrx_word' id='word_1_78' title='bbox 1144 1273 1193 1333; x_wconf 86' lang='lat' dir='ltr'><strong>De</strong></span> <span class='ocrx_word' id='word_1_79' title='bbox 1205 1271 1307 1351; x_wconf 79' lang='lat' dir='ltr'><strong>magis</strong></span> <span class='ocrx_word' id='word_1_80' title='bbox 1317 1293 1349 1354; x_wconf 91' lang='lat' dir='ltr'><strong>p.</strong></span> <span class='ocrx_word' id='word_1_81' title='bbox 1363 1273 1399 1333; x_wconf 84' lang='lat'><strong>31</strong></span> <span class='ocrx_word' id='word_1_82' title='bbox 1413 1275 1461 1334; x_wconf 88' lang='lat' dir='ltr'><strong>ed.</strong></span> 
     </span>
     <span class='ocr_line' id='line_1_10' title="bbox 364 1369 1465 1456; baseline 0.001 -20"><span class='ocrx_word' id='word_1_83' title='bbox 364 1373 434 1456; x_wconf 88' lang='lat' dir='ltr'><strong>Bip.</strong></span> <span class='ocrx_word' id='word_1_84' title='bbox 452 1375 537 1434; x_wconf 87' lang='lat' dir='ltr'><strong>hunc</strong></span> <span class='ocrx_word' id='word_1_85' title='bbox 554 1374 588 1432; x_wconf 91' lang='lat' dir='ltr'><strong>in</strong></span> <span class='ocrx_word' id='word_1_86' title='bbox 606 1373 688 1434; x_wconf 84' lang='lat' dir='ltr'><strong>raris</strong></span> <span class='ocrx_word' id='word_1_87' title='bbox 705 1371 900 1454; x_wconf 88' lang='lat' dir='ltr'><strong>parsimoniae</strong></span> <span class='ocrx_word' id='word_1_88' title='bbox 912 1369 1059 1454; x_wconf 87' lang='lat' dir='ltr'><strong>exemplis</strong></span> <span class='ocrx_word' id='word_1_89' title='bbox 1069 1373 1169 1454; x_wconf 89' lang='lat' dir='ltr'><strong>ponit,</strong></span> <span class='ocrx_word' id='word_1_90' title='bbox 1184 1373 1265 1454; x_wconf 81' lang='lat' dir='ltr'><strong>quod</strong></span> <span class='ocrx_word' id='word_1_91' title='bbox 1280 1386 1352 1435; x_wconf 88' lang='lat' dir='ltr'><strong>octo</strong></span> <span class='ocrx_word' id='word_1_92' title='bbox 1369 1375 1465 1436; x_wconf 90' lang='lat' dir='ltr'><strong>solum</strong></span> 
     </span>
    </p>
   </div>
   <div class='ocr_carea' id='block_1_3' title="bbox 272 1469 834 1542">
    <p class='ocr_par' dir='ltr' id='par_1_4' title="bbox 272 1469 834 1542">
     <span class='ocr_line' id='line_1_11' title="bbox 272 1469 834 1542; baseline -0.007 -6"><span class='ocrx_word' id='word_1_93' title='bbox 272 1491 273 1496; x_wconf 73' lang='grc'>’</span> <span class='ocrx_word' id='word_1_94' title='bbox 367 1493 474 1536; x_wconf 83' lang='lat' dir='ltr'><strong>servos</strong></span> <span class='ocrx_word' id='word_1_95' title='bbox 489 1469 612 1533; x_wconf 85' lang='lat' dir='ltr'><strong>dicatur</strong></span> <span class='ocrx_word' id='word_1_96' title='bbox 627 1471 787 1542; x_wconf 61' lang='lat' dir='ltr'><strong>habuisses</strong></span> <span class='ocrx_word' id='word_1_97' title='bbox 830 1529 834 1532; x_wconf 87' lang='lat'><strong>.</strong></span> 
     </span>
    </p>
   </div>
   <div class='ocr_carea' id='block_1_4' title="bbox 361 1566 1465 2148">
    <p class='ocr_par' dir='ltr' id='par_1_5' title="bbox 361 1566 1465 2148">
     <span class='ocr_line' id='line_1_12' title="bbox 409 1566 1463 1652; baseline -0.001 -20"><span class='ocrx_word' id='word_1_98' title='bbox 409 1571 461 1632; x_wconf 83' lang='lat'><strong>38.</strong></span> <span class='ocrx_word' id='word_1_99' title='bbox 485 1569 563 1632; x_wconf 90' lang='lat' dir='ltr'><strong>Sero</strong></span> <span class='ocrx_word' id='word_1_100' title='bbox 581 1580 614 1629; x_wconf 93' lang='lat' dir='ltr'><strong>et</strong></span> <span class='ocrx_word' id='word_1_101' title='bbox 632 1569 743 1630; x_wconf 84' lang='lat' dir='ltr'><strong>leviter</strong></span> <span class='ocrx_word' id='word_1_102' title='bbox 772 1567 909 1646; x_wconf 79' lang='lat' dir='ltr'><strong>attigisse</strong></span> <span class='ocrx_word' id='word_1_103' title='bbox 928 1566 1037 1631; x_wconf 90' lang='lat' dir='ltr'><strong>literas</strong></span> <span class='ocrx_word' id='word_1_104' title='bbox 1051 1566 1222 1631; x_wconf 87' lang='lat' dir='ltr'><strong>Antonimn</strong></span> <span class='ocrx_word' id='word_1_105' title='bbox 1236 1581 1302 1630; x_wconf 90' lang='lat' dir='ltr'><strong>tum</strong></span> <span class='ocrx_word' id='word_1_106' title='bbox 1316 1587 1384 1631; x_wconf 91' lang='lat' dir='ltr'><strong>mos</strong></span> <span class='ocrx_word' id='word_1_107' title='bbox 1397 1571 1463 1652; x_wconf 90' lang='lat' dir='ltr'><strong>plu·</strong></span> 
     </span>
     <span class='ocr_line' id='line_1_13' title="bbox 364 1661 1464 1748; baseline 0.001 -21"><span class='ocrx_word' id='word_1_108' title='bbox 364 1667 533 1736; x_wconf 87' lang='lat' dir='ltr'><strong>rimorum,</strong></span> <span class='ocrx_word' id='word_1_109' title='bbox 555 1664 608 1746; x_wconf 90' lang='lat' dir='ltr'><strong>qui</strong></span> <span class='ocrx_word' id='word_1_110' title='bbox 629 1662 731 1726; x_wconf 82' lang='lat' dir='ltr'><strong>causis</strong></span> <span class='ocrx_word' id='word_1_111' title='bbox 749 1661 889 1726; x_wconf 83' lang='lat' dir='ltr'><strong>dicendis</strong></span> <span class='ocrx_word' id='word_1_112' title='bbox 908 1683 975 1726; x_wconf 88' lang='lat' dir='ltr'><strong>sese</strong></span> <span class='ocrx_word' id='word_1_113' title='bbox 993 1665 1162 1736; x_wconf 85' lang='lat' dir='ltr'><strong>dederuut,</strong></span> <span class='ocrx_word' id='word_1_114' title='bbox 1186 1675 1253 1725; x_wconf 90' lang='lat' dir='ltr'><strong>tum</strong></span> <span class='ocrx_word' id='word_1_115' title='bbox 1274 1661 1370 1746; x_wconf 91' lang='lat' dir='ltr'><strong>ipsius</strong></span> <span class='ocrx_word' id='word_1_116' title='bbox 1383 1669 1464 1748; x_wconf 80' lang='lat' dir='ltr'><strong>opud</strong></span> 
     </span>
     <span class='ocr_line' id='line_1_14' title="bbox 367 1757 1465 1844; baseline 0 -19"><span class='ocrx_word' id='word_1_117' title='bbox 367 1757 555 1825; x_wconf 75' lang='lat' dir='ltr'><strong>Ciceronem</strong></span> <span class='ocrx_word' id='word_1_118' title='bbox 570 1761 686 1824; x_wconf 88' lang='lat' dir='ltr'><strong>dictum</strong></span> <span class='ocrx_word' id='word_1_119' title='bbox 700 1763 748 1822; x_wconf 91' lang='lat' dir='ltr'><strong>De</strong></span> <span class='ocrx_word' id='word_1_120' title='bbox 762 1773 843 1824; x_wconf 88' lang='lat' dir='ltr'><strong>orat.</strong></span> <span class='ocrx_word' id='word_1_121' title='bbox 856 1763 881 1836; x_wconf 90' lang='grc' dir='ltr'><strong>Ι,</strong></span> <span class='ocrx_word' id='word_1_122' title='bbox 899 1761 949 1834; x_wconf 80' lang='lat' dir='ltr'><strong>tt,</strong></span> <span class='ocrx_word' id='word_1_123' title='bbox 964 1761 1111 1824; x_wconf 80' lang='lat' dir='ltr'><strong>ostendit.</strong></span> <span class='ocrx_word' id='word_1_124' title='bbox 1134 1764 1212 1824; x_wconf 83' lang='lat' dir='ltr'><strong>Noni</strong></span> <span class='ocrx_word' id='word_1_125' title='bbox 1232 1764 1302 1823; x_wconf 83' lang='lat' dir='ltr'><strong>crim</strong></span> <span class='ocrx_word' id='word_1_126' title='bbox 1321 1781 1380 1844; x_wconf 86' lang='lat' dir='ltr'><strong>pro</strong></span> <span class='ocrx_word' id='word_1_127' title='bbox 1394 1783 1465 1825; x_wconf 89' lang='lat' dir='ltr'><strong>con·</strong></span> 
     </span>
     <span class='ocr_line' id='line_1_15' title="bbox 365 1857 1465 1944; baseline 0.003 -23"><span class='ocrx_word' id='word_1_128' title='bbox 365 1861 431 1922; x_wconf 89' lang='lat' dir='ltr'><strong>sule</strong></span> <span class='ocrx_word' id='word_1_129' title='bbox 459 1858 494 1922; x_wconf 88' lang='lat' dir='ltr'><strong>iu</strong></span> <span class='ocrx_word' id='word_1_130' title='bbox 522 1859 665 1922; x_wconf 82' lang='lat' dir='ltr'><strong>Ciliciam</strong></span> <span class='ocrx_word' id='word_1_131' title='bbox 684 1859 835 1938; x_wconf 79' lang='lat' dir='ltr'><strong>navigans</strong></span> <span class='ocrx_word' id='word_1_132' title='bbox 858 1861 998 1922; x_wconf 79' lang='lat' dir='ltr'><strong>Athenas</strong></span> <span class='ocrx_word' id='word_1_133' title='bbox 1017 1861 1195 1944; x_wconf 83' lang='lat' dir='ltr'><strong>appulisset,</strong></span> <span class='ocrx_word' id='word_1_134' title='bbox 1224 1857 1325 1943; x_wconf 81' lang='lat' dir='ltr'><strong>prims</strong></span> <span class='ocrx_word' id='word_1_135' title='bbox 1352 1861 1465 1924; x_wconf 85' lang='lat' dir='ltr'><strong>artium</strong></span> 
     </span>
     <span class='ocr_line' id='line_1_16' title="bbox 361 1959 1460 2044; baseline 0.001 -19"><span class='ocrx_word' id='word_1_136' title='bbox 361 1963 543 2026; x_wconf 72' lang='lat' dir='ltr'><strong>Grmonrum</strong></span> <span class='ocrx_word' id='word_1_137' title='bbox 561 1973 717 2043; x_wconf 83' lang='lat' dir='ltr'><strong>praecepta</strong></span> <span class='ocrx_word' id='word_1_138' title='bbox 731 1959 949 2043; x_wconf 87' lang='lat' dir='ltr'><strong>aphilosophis</strong></span> <span class='ocrx_word' id='word_1_139' title='bbox 965 1959 1179 2044; x_wconf 80' lang='lat' dir='ltr'><strong>(Mnesarcho,</strong></span> <span class='ocrx_word' id='word_1_140' title='bbox 1194 1961 1386 2037; x_wconf 71' lang='lat' dir='ltr'><strong>Charmada,</strong></span> <span class='ocrx_word' id='word_1_141' title='bbox 1401 1965 1460 2026; x_wconf 83' lang='lat' dir='ltr'><strong>Me·</strong></span> 
     </span>
     <span class='ocr_line' id='line_1_17' title="bbox 364 2059 1461 2148; baseline 0 -26"><span class='ocrx_word' id='word_1_142' title='bbox 364 2063 506 2148; x_wconf 88' lang='lat' dir='ltr'><strong>nedemo)</strong></span> <span class='ocrx_word' id='word_1_143' title='bbox 522 2061 677 2145; x_wconf 85' lang='lat' dir='ltr'><strong>accepisse</strong></span> <span class='ocrx_word' id='word_1_144' title='bbox 693 2062 803 2122; x_wconf 82' lang='lat' dir='ltr'><strong>fertur.</strong></span> <span class='ocrx_word' id='word_1_145' title='bbox 829 2062 891 2123; x_wconf 86' lang='lat' dir='ltr'><strong>Sed</strong></span> <span class='ocrx_word' id='word_1_146' title='bbox 910 2074 943 2123; x_wconf 91' lang='lat' dir='ltr'><strong>et</strong></span> <span class='ocrx_word' id='word_1_147' title='bbox 956 2064 1022 2123; x_wconf 81' lang='lat' dir='ltr'><strong>haec</strong></span> <span class='ocrx_word' id='word_1_148' title='bbox 1038 2076 1069 2125; x_wconf 89' lang='lat' dir='ltr'><strong>et</strong></span> <span class='ocrx_word' id='word_1_149' title='bbox 1085 2081 1152 2143; x_wconf 74' lang='lat' dir='ltr'><strong>quas</strong></span> <span class='ocrx_word' id='word_1_150' title='bbox 1165 2059 1241 2122; x_wconf 86' lang='lat' dir='ltr'><strong>ibid.</strong></span> <span class='ocrx_word' id='word_1_151' title='bbox 1260 2083 1290 2123; x_wconf 91' lang='lat' dir='ltr'><strong>e.</strong></span> <span class='ocrx_word' id='word_1_152' title='bbox 1305 2061 1356 2136; x_wconf 82' lang='lat' dir='ltr'><strong>lt,</strong></span> <span class='ocrx_word' id='word_1_153' title='bbox 1371 2073 1405 2122; x_wconf 91' lang='lat' dir='ltr'><strong>et</strong></span> <span class='ocrx_word' id='word_1_154' title='bbox 1416 2065 1461 2135; x_wconf 84' lang='lat' dir='ltr'><strong>il,</strong></span> 
     </span>
    </p>
   </div>
   <div class='ocr_carea' id='block_1_5' title="bbox 270 2156 1462 2244">
    <p class='ocr_par' dir='ltr' id='par_1_6' title="bbox 270 2156 1462 2244">
     <span class='ocr_line' id='line_1_18' title="bbox 270 2156 1462 2244; baseline 0 -22"><span class='ocrx_word' id='word_1_155' title='bbox 270 2172 273 2188; x_wconf 77' lang='lat'><strong>⁴</strong></span> <span class='ocrx_word' id='word_1_156' title='bbox 366 2161 482 2244; x_wconf 69' lang='lat' dir='ltr'><strong>ldsqq.</strong></span> <span class='ocrx_word' id='word_1_157' title='bbox 499 2157 783 2224; x_wconf 81' lang='lat' dir='ltr'><strong>deGraeoisli-teris</strong></span> <span class='ocrx_word' id='word_1_158' title='bbox 803 2156 888 2239; x_wconf 81' lang='lat' dir='ltr'><strong>qussi</strong></span> <span class='ocrx_word' id='word_1_159' title='bbox 908 2158 1088 2222; x_wconf 74' lang='lat' dir='ltr'><strong>Antoniana</strong></span> <span class='ocrx_word' id='word_1_160' title='bbox 1109 2157 1229 2240; x_wconf 87' lang='lat' dir='ltr'><strong>judicia</strong></span> <span class='ocrx_word' id='word_1_161' title='bbox 1250 2160 1462 2240; x_wconf 83' lang='lat' dir='ltr'><strong>proferuntur,</strong></span> 
     </span>
    </p>
   </div>
   <div class='ocr_carea' id='block_1_6' title="bbox 271 2253 1465 3328">
    <p class='ocr_par' dir='ltr' id='par_1_7' title="bbox 360 2253 1465 3132">
     <span class='ocr_line' id='line_1_19' title="bbox 362 2253 1462 2336; baseline 0 -17"><span class='ocrx_word' id='word_1_162' title='bbox 362 2258 413 2319; x_wconf 86' lang='lat' dir='ltr'><strong>vel</strong></span> <span class='ocrx_word' id='word_1_163' title='bbox 422 2270 487 2318; x_wconf 80' lang='lat' dir='ltr'><strong>tota</strong></span> <span class='ocrx_word' id='word_1_164' title='bbox 497 2256 583 2330; x_wconf 85' lang='lat' dir='ltr'><strong>licta,</strong></span> <span class='ocrx_word' id='word_1_165' title='bbox 592 2257 642 2317; x_wconf 81' lang='lat' dir='ltr'><strong>vel</strong></span> <span class='ocrx_word' id='word_1_166' title='bbox 653 2257 686 2315; x_wconf 95' lang='lat' dir='ltr'><strong>in</strong></span> <span class='ocrx_word' id='word_1_167' title='bbox 697 2255 794 2336; x_wconf 84' lang='lat' dir='ltr'><strong>majus</strong></span> <span class='ocrx_word' id='word_1_168' title='bbox 806 2267 894 2316; x_wconf 83' lang='lat' dir='ltr'><strong>sucta</strong></span> <span class='ocrx_word' id='word_1_169' title='bbox 905 2269 937 2316; x_wconf 91' lang='lat' dir='ltr'><strong>et</strong></span> <span class='ocrx_word' id='word_1_170' title='bbox 945 2269 1098 2318; x_wconf 84' lang='lat' dir='ltr'><strong>exornata</strong></span> <span class='ocrx_word' id='word_1_171' title='bbox 1109 2253 1309 2332; x_wconf 84' lang='lat' dir='ltr'><strong>crediderim,</strong></span> <span class='ocrx_word' id='word_1_172' title='bbox 1322 2277 1362 2318; x_wconf 88' lang='lat' dir='ltr'><strong>ne</strong></span> <span class='ocrx_word' id='word_1_173' title='bbox 1371 2257 1462 2320; x_wconf 88' lang='lat' dir='ltr'><strong>homo</strong></span> 
     </span>
     <span class='ocr_line' id='line_1_20' title="bbox 361 2353 1464 2437; baseline 0 -19"><span class='ocrx_word' id='word_1_174' title='bbox 361 2372 424 2418; x_wconf 82' lang='lat' dir='ltr'><strong>mm</strong></span> <span class='ocrx_word' id='word_1_175' title='bbox 439 2375 568 2434; x_wconf 84' lang='lat' dir='ltr'><strong>magnus</strong></span> <span class='ocrx_word' id='word_1_176' title='bbox 581 2355 615 2416; x_wconf 93' lang='lat' dir='ltr'><strong>in</strong></span> <span class='ocrx_word' id='word_1_177' title='bbox 629 2353 762 2416; x_wconf 89' lang='lat' dir='ltr'><strong>dicendo</strong></span> <span class='ocrx_word' id='word_1_178' title='bbox 776 2374 903 2437; x_wconf 89' lang='lat' dir='ltr'><strong>prorsus</strong></span> <span class='ocrx_word' id='word_1_179' title='bbox 917 2353 1004 2417; x_wconf 82' lang='lat' dir='ltr'><strong>rudis</strong></span> <span class='ocrx_word' id='word_1_180' title='bbox 1018 2353 1178 2418; x_wconf 85' lang='lat' dir='ltr'><strong>videretur</strong></span> <span class='ocrx_word' id='word_1_181' title='bbox 1191 2357 1365 2418; x_wconf 80' lang='lat' dir='ltr'><strong>literumm.</strong></span> <span class='ocrx_word' id='word_1_182' title='bbox 1380 2359 1464 2419; x_wconf 85' lang='lat' dir='ltr'><strong>Eun·</strong></span> 
     </span>
     <span class='ocr_line' id='line_1_21' title="bbox 362 2451 1465 2534; baseline 0.002 -19"><span class='ocrx_word' id='word_1_183' title='bbox 362 2457 433 2515; x_wconf 90' lang='lat' dir='ltr'><strong>dem</strong></span> <span class='ocrx_word' id='word_1_184' title='bbox 451 2473 491 2516; x_wconf 83' lang='lat' dir='ltr'><strong>ex</strong></span> <span class='ocrx_word' id='word_1_185' title='bbox 508 2472 595 2514; x_wconf 90' lang='lat' dir='ltr'><strong>more</strong></span> <span class='ocrx_word' id='word_1_186' title='bbox 613 2451 808 2534; x_wconf 80' lang='lat' dir='ltr'><strong>popularium</strong></span> <span class='ocrx_word' id='word_1_187' title='bbox 831 2453 971 2516; x_wconf 83' lang='lat' dir='ltr'><strong>cultioris</strong></span> <span class='ocrx_word' id='word_1_188' title='bbox 988 2453 1088 2515; x_wconf 83' lang='lat' dir='ltr'><strong>aetatis</strong></span> <span class='ocrx_word' id='word_1_189' title='bbox 1105 2453 1465 2518; x_wconf 74' lang='lat' dir='ltr'><strong>eruditionemdissimn·</strong></span> 
     </span>
     <span class='ocr_line' id='line_1_22' title="bbox 362 2546 1464 2633; baseline 0.002 -21"><span class='ocrx_word' id='word_1_190' title='bbox 362 2551 451 2624; x_wconf 76' lang='lat' dir='ltr'><strong>lesse,</strong></span> <span class='ocrx_word' id='word_1_191' title='bbox 469 2551 550 2630; x_wconf 89' lang='lat' dir='ltr'><strong>quod</strong></span> <span class='ocrx_word' id='word_1_192' title='bbox 561 2546 630 2610; x_wconf 90' lang='lat' dir='ltr'><strong>Cic.</strong></span> <span class='ocrx_word' id='word_1_193' title='bbox 643 2551 691 2611; x_wconf 89' lang='lat' dir='ltr'><strong>De</strong></span> <span class='ocrx_word' id='word_1_194' title='bbox 703 2561 782 2610; x_wconf 84' lang='lat' dir='ltr'><strong>orat.</strong></span> <span class='ocrx_word' id='word_1_195' title='bbox 797 2551 840 2622; x_wconf 83' lang='grc' dir='ltr'><strong>ΙΙ,</strong></span> <span class='ocrx_word' id='word_1_196' title='bbox 855 2550 906 2626; x_wconf 84' lang='grc'><strong>36,</strong></span> <span class='ocrx_word' id='word_1_197' title='bbox 921 2561 955 2612; x_wconf 85' lang='lat' dir='ltr'><strong>et</strong></span> <span class='ocrx_word' id='word_1_198' title='bbox 964 2548 1096 2633; x_wconf 85' lang='lat' dir='ltr'><strong>Quintil.</strong></span> <span class='ocrx_word' id='word_1_199' title='bbox 1113 2555 1184 2626; x_wconf 88' lang='lat' dir='ltr'>XII,</span> <span class='ocrx_word' id='word_1_200' title='bbox 1201 2559 1231 2628; x_wconf 84' lang='lat'><strong>9,</strong></span> <span class='ocrx_word' id='word_1_201' title='bbox 1247 2555 1278 2629; x_wconf 85' lang='lat'><strong>5,</strong></span> <span class='ocrx_word' id='word_1_202' title='bbox 1290 2553 1464 2626; x_wconf 73' lang='lat' dir='ltr'><strong>affirmant,</strong></span> 
     </span>
     <span class='ocr_line' id='line_1_23' title="bbox 362 2643 1463 2734; baseline 0.005 -26"><span class='ocrx_word' id='word_1_203' title='bbox 362 2649 461 2728; x_wconf 81' lang='lat' dir='ltr'><strong>magis</strong></span> <span class='ocrx_word' id='word_1_204' title='bbox 475 2668 494 2709; x_wconf 78' lang='lat' dir='ltr'>a</span> <span class='ocrx_word' id='word_1_205' title='bbox 507 2643 673 2710; x_wconf 76' lang='lat' dir='ltr'><strong>Ciceronis</strong></span> <span class='ocrx_word' id='word_1_206' title='bbox 686 2648 788 2708; x_wconf 89' lang='lat' dir='ltr'><strong>studio</strong></span> <span class='ocrx_word' id='word_1_207' title='bbox 803 2667 894 2728; x_wconf 81' lang='lat' dir='ltr'><strong>quam</strong></span> <span class='ocrx_word' id='word_1_208' title='bbox 909 2668 926 2709; x_wconf 94' lang='lat' dir='ltr'><strong>a</strong></span> <span class='ocrx_word' id='word_1_209' title='bbox 941 2645 1075 2714; x_wconf 82' lang='lat' dir='ltr'><strong>venitote</strong></span> <span class='ocrx_word' id='word_1_210' title='bbox 1088 2653 1263 2732; x_wconf 76' lang='lat' dir='ltr'><strong>profectum</strong></span> <span class='ocrx_word' id='word_1_211' title='bbox 1277 2666 1364 2734; x_wconf 86' lang='lat' dir='ltr'><strong>puto.</strong></span> <span class='ocrx_word' id='word_1_212' title='bbox 1385 2652 1463 2714; x_wconf 77' lang='lat' dir='ltr'><strong>Nom</strong></span> 
     </span>
     <span class='ocr_line' id='line_1_24' title="bbox 360 2743 1462 2834; baseline 0.004 -25"><span class='ocrx_word' id='word_1_213' title='bbox 360 2748 411 2830; x_wconf 85' lang='lat' dir='ltr'><strong>jus</strong></span> <span class='ocrx_word' id='word_1_214' title='bbox 427 2748 521 2809; x_wconf 76' lang='lat' dir='ltr'><strong>etiam</strong></span> <span class='ocrx_word' id='word_1_215' title='bbox 537 2743 646 2821; x_wconf 85' lang='lat' dir='ltr'><strong>civile,</strong></span> <span class='ocrx_word' id='word_1_216' title='bbox 669 2747 756 2830; x_wconf 82' lang='lat' dir='ltr'><strong>cujus</strong></span> <span class='ocrx_word' id='word_1_217' title='bbox 769 2748 880 2809; x_wconf 85' lang='lat' dir='ltr'><strong>saltem</strong></span> <span class='ocrx_word' id='word_1_218' title='bbox 894 2745 998 2830; x_wconf 84' lang='lat' dir='ltr'><strong>aliqua</strong></span> <span class='ocrx_word' id='word_1_219' title='bbox 1012 2748 1153 2828; x_wconf 81' lang='lat' dir='ltr'><strong>cognitio</strong></span> <span class='ocrx_word' id='word_1_220' title='bbox 1164 2752 1284 2821; x_wconf 81' lang='lat' dir='ltr'><strong>oratori</strong></span> <span class='ocrx_word' id='word_1_221' title='bbox 1298 2769 1462 2834; x_wconf 78' lang='lat' dir='ltr'><strong>perneces-</strong></span> 
     </span>
     <span class='ocr_line' id='line_1_25' title="bbox 362 2845 1459 2931; baseline 0.001 -20"><span class='ocrx_word' id='word_1_222' title='bbox 362 2849 445 2911; x_wconf 81' lang='lat' dir='ltr'><strong>saria</strong></span> <span class='ocrx_word' id='word_1_223' title='bbox 459 2861 539 2920; x_wconf 86' lang='lat' dir='ltr'><strong>crat,</strong></span> <span class='ocrx_word' id='word_1_224' title='bbox 554 2848 768 2929; x_wconf 75' lang='lat' dir='ltr'><strong>parvifecisse</strong></span> <span class='ocrx_word' id='word_1_225' title='bbox 778 2845 861 2909; x_wconf 90' lang='lat' dir='ltr'><strong>idem</strong></span> <span class='ocrx_word' id='word_1_226' title='bbox 871 2852 951 2931; x_wconf 87' lang='lat' dir='ltr'><strong>apud</strong></span> <span class='ocrx_word' id='word_1_227' title='bbox 964 2849 1033 2912; x_wconf 72' lang='lat' dir='ltr'><strong>(h‘e.</strong></span> <span class='ocrx_word' id='word_1_228' title='bbox 1046 2851 1094 2912; x_wconf 91' lang='lat' dir='ltr'><strong>De</strong></span> <span class='ocrx_word' id='word_1_229' title='bbox 1111 2864 1191 2913; x_wconf 86' lang='lat' dir='ltr'><strong>orat.</strong></span> <span class='ocrx_word' id='word_1_230' title='bbox 1206 2853 1232 2924; x_wconf 89' lang='lat' dir='ltr'><strong>l,</strong></span> <span class='ocrx_word' id='word_1_231' title='bbox 1246 2853 1299 2926; x_wconf 83' lang='lat'><strong>38,</strong></span> <span class='ocrx_word' id='word_1_232' title='bbox 1313 2851 1459 2926; x_wconf 85' lang='lat' dir='ltr'><strong>traditur,</strong></span> 
     </span>
     <span class='ocr_line' id='line_1_26' title="bbox 361 2946 1461 3032; baseline 0.003 -21"><span class='ocrx_word' id='word_1_233' title='bbox 361 2964 394 3012; x_wconf 87' lang='lat' dir='ltr'><strong>et</strong></span> <span class='ocrx_word' id='word_1_234' title='bbox 408 2952 489 3032; x_wconf 88' lang='lat' dir='ltr'><strong>quod</strong></span> <span class='ocrx_word' id='word_1_235' title='bbox 501 2949 653 3011; x_wconf 80' lang='lat' dir='ltr'><strong>nonsatis</strong></span> <span class='ocrx_word' id='word_1_236' title='bbox 664 2947 957 3032; x_wconf 87' lang='lat' dir='ltr'><strong>iatineexejusdem</strong></span> <span class='ocrx_word' id='word_1_237' title='bbox 970 2953 1102 3013; x_wconf 88' lang='lat' dir='ltr'><strong>Brutoc·</strong></span> <span class='ocrx_word' id='word_1_238' title='bbox 1122 2953 1163 3015; x_wconf 72' lang='grc'><strong>38</strong></span> <span class='ocrx_word' id='word_1_239' title='bbox 1182 2953 1319 3014; x_wconf 82' lang='lat' dir='ltr'><strong>locutum</strong></span> <span class='ocrx_word' id='word_1_240' title='bbox 1338 2946 1461 3029; x_wconf 67' lang='lat' dir='ltr'><strong>mimus,</strong></span> 
     </span>
     <span class='ocr_line' id='line_1_27' title="bbox 362 3044 1460 3132; baseline -0.002 -20"><span class='ocrx_word' id='word_1_241' title='bbox 362 3069 400 3112; x_wconf 82' lang='lat' dir='ltr'><strong>en</strong></span> <span class='ocrx_word' id='word_1_242' title='bbox 413 3044 548 3110; x_wconf 87' lang='lat' dir='ltr'><strong>minoris</strong></span> <span class='ocrx_word' id='word_1_243' title='bbox 562 3048 710 3109; x_wconf 89' lang='lat' dir='ltr'><strong>momenti</strong></span> <span class='ocrx_word' id='word_1_244' title='bbox 724 3049 819 3107; x_wconf 89' lang='lat' dir='ltr'><strong>rebus</strong></span> <span class='ocrx_word' id='word_1_245' title='bbox 833 3049 872 3113; x_wconf 88' lang='lat' dir='ltr'><strong>de</strong></span> <span class='ocrx_word' id='word_1_246' title='bbox 883 3045 1081 3124; x_wconf 78' lang='lat' dir='ltr'><strong>gravioribus</strong></span> <span class='ocrx_word' id='word_1_247' title='bbox 1100 3051 1460 3132; x_wconf 79' lang='lat' dir='ltr'><strong>existimare-possumus.</strong></span> 
     </span>
    </p>

    <p class='ocr_par' dir='ltr' id='par_1_8' title="bbox 271 3140 1458 3328">
     <span class='ocr_line' id='line_1_28' title="bbox 306 3140 1458 3228; baseline 0.005 -21"><span class='ocrx_word' id='word_1_248' title='bbox 306 3165 307 3168; x_wconf 69' lang='grc'>’</span> <span class='ocrx_word' id='word_1_249' title='bbox 360 3149 427 3208; x_wconf 87' lang='lat' dir='ltr'><strong>Nec</strong></span> <span class='ocrx_word' id='word_1_250' title='bbox 435 3145 531 3205; x_wconf 81' lang='lat' dir='ltr'><strong>etism</strong></span> <span class='ocrx_word' id='word_1_251' title='bbox 542 3142 696 3224; x_wconf 70' lang='lat' dir='ltr'><strong>judicium*</strong></span> <span class='ocrx_word' id='word_1_252' title='bbox 707 3145 745 3203; x_wconf 91' lang='lat' dir='ltr'><strong>de</strong></span> <span class='ocrx_word' id='word_1_253' title='bbox 759 3140 895 3204; x_wconf 81' lang='lat' dir='ltr'><strong>oratoris</strong></span> <span class='ocrx_word' id='word_1_254' title='bbox 905 3140 1123 3228; x_wconf 82' lang='lat' dir='ltr'><strong>ingenioapud</strong></span> <span class='ocrx_word' id='word_1_255' title='bbox 1133 3144 1202 3210; x_wconf 87' lang='lat' dir='ltr'><strong>Cic.</strong></span> <span class='ocrx_word' id='word_1_256' title='bbox 1214 3149 1263 3210; x_wconf 85' lang='lat' dir='ltr'><strong>De</strong></span> <span class='ocrx_word' id='word_1_257' title='bbox 1275 3163 1356 3211; x_wconf 78' lang='lat' dir='ltr'><strong>oret.</strong></span> <span class='ocrx_word' id='word_1_258' title='bbox 1367 3151 1393 3222; x_wconf 93' lang='lat' dir='ltr'><strong>l,</strong></span> <span class='ocrx_word' id='word_1_259' title='bbox 1407 3149 1458 3224; x_wconf 79' lang='lat'><strong>49,</strong></span> 
     </span>
     <span class='ocr_line' id='line_1_29' title="bbox 271 3237 1457 3328; baseline 0.004 -25"><span class='ocrx_word' id='word_1_260' title='bbox 271 3271 277 3290; x_wconf 55' lang='grc' dir='ltr'>ι</span> <span class='ocrx_word' id='word_1_261' title='bbox 363 3242 492 3304; x_wconf 85' lang='lat' dir='ltr'><strong>Antonii</strong></span> <span class='ocrx_word' id='word_1_262' title='bbox 506 3237 609 3322; x_wconf 90' lang='lat' dir='ltr'><strong>potius</strong></span> <span class='ocrx_word' id='word_1_263' title='bbox 629 3259 720 3320; x_wconf 81' lang='lat' dir='ltr'><strong>quam</strong></span> <span class='ocrx_word' id='word_1_264' title='bbox 739 3239 944 3324; x_wconf 88' lang='lat' dir='ltr'><strong>plurimorum</strong></span> <span class='ocrx_word' id='word_1_265' title='bbox 954 3241 1120 3307; x_wconf 82' lang='lat' dir='ltr'><strong>Ciceronis</strong></span> <span class='ocrx_word' id='word_1_266' title='bbox 1139 3245 1304 3328; x_wconf 71' lang='lat' dir='ltr'><strong>equalium</strong></span> <span class='ocrx_word' id='word_1_267' title='bbox 1323 3249 1457 3322; x_wconf 78' lang='lat' dir='ltr'><strong>videtur,</strong></span> 
     </span>
    </p>
   </div>
   <div class='ocr_carea' id='block_1_7' title="bbox 358 3496 1463 4318">
    <p class='ocr_par' dir='ltr' id='par_1_9' title="bbox 358 3496 1463 4312">
     <span class='ocr_line' id='line_1_30' title="bbox 396 3496 1462 3574; baseline 0.012 -25"><span class='ocrx_word' id='word_1_268' title='bbox 396 3501 409 3530; x_wconf 91' lang='lat'>*</span> <span class='ocrx_word' id='word_1_269' title='bbox 429 3499 508 3550; x_wconf 89' lang='lat' dir='ltr'><strong>Hunc</strong></span> <span class='ocrx_word' id='word_1_270' title='bbox 518 3496 608 3552; x_wconf 89' lang='lat' dir='ltr'><strong>locum</strong></span> <span class='ocrx_word' id='word_1_271' title='bbox 620 3497 759 3552; x_wconf 85' lang='lat' dir='ltr'><strong>manifesto</strong></span> <span class='ocrx_word' id='word_1_272' title='bbox 777 3497 947 3570; x_wconf 82' lang='lat' dir='ltr'><strong>depravatum</strong></span> <span class='ocrx_word' id='word_1_273' title='bbox 959 3519 1036 3555; x_wconf 89' lang='lat' dir='ltr'><strong>nemo</strong></span> <span class='ocrx_word' id='word_1_274' title='bbox 1045 3516 1140 3574; x_wconf 67' lang='lat' dir='ltr'><strong>preter</strong></span> <span class='ocrx_word' id='word_1_275' title='bbox 1151 3505 1279 3561; x_wconf 84' lang='lat' dir='ltr'><strong>editorem</strong></span> <span class='ocrx_word' id='word_1_276' title='bbox 1290 3509 1462 3568; x_wconf 84' lang='lat' dir='ltr'><strong>novissimum</strong></span> 
     </span>
     <span class='ocr_line' id='line_1_31' title="bbox 360 3581 1457 3665; baseline 0.007 -27"><span class='ocrx_word' id='word_1_277' title='bbox 360 3583 454 3638; x_wconf 86' lang='lat' dir='ltr'><strong>sensit.</strong></span> <span class='ocrx_word' id='word_1_278' title='bbox 463 3583 530 3634; x_wconf 87' lang='lat' dir='ltr'><strong>Nam</strong></span> <span class='ocrx_word' id='word_1_279' title='bbox 539 3581 602 3652; x_wconf 85' lang='lat' dir='ltr'><strong>quid</strong></span> <span class='ocrx_word' id='word_1_280' title='bbox 615 3594 669 3634; x_wconf 87' lang='lat' dir='ltr'><strong>est:</strong></span> <span class='ocrx_word' id='word_1_281' title='bbox 690 3583 778 3637; x_wconf 72' lang='lat' dir='ltr'><strong>Cicero</strong></span> <span class='ocrx_word' id='word_1_282' title='bbox 790 3583 904 3639; x_wconf 85' lang='lat' dir='ltr'><strong>cumM</strong></span> <span class='ocrx_word' id='word_1_283' title='bbox 919 3584 1061 3640; x_wconf 84' lang='lat' dir='ltr'><strong>Antonio</strong></span> <span class='ocrx_word' id='word_1_284' title='bbox 1050 3609 1077 3640; x_wconf 86' lang='lat' dir='ltr'><strong>m</strong></span> <span class='ocrx_word' id='word_1_285' title='bbox 1087 3609 1248 3662; x_wconf 74' lang='lat' dir='ltr'><strong>provinciam</strong></span> <span class='ocrx_word' id='word_1_286' title='bbox 1259 3595 1392 3665; x_wconf 79' lang='lat' dir='ltr'><strong>profectus</strong></span> <span class='ocrx_word' id='word_1_287' title='bbox 1403 3615 1457 3646; x_wconf 86' lang='lat' dir='ltr'><strong>una</strong></span> 
     </span>
     <span class='ocr_line' id='line_1_32' title="bbox 360 3663 1460 3749; baseline 0.008 -28"><span class='ocrx_word' id='word_1_288' title='bbox 360 3667 525 3722; x_wconf 77' lang='lat' dir='ltr'><strong>decesserat?</strong></span> <span class='ocrx_word' id='word_1_289' title='bbox 539 3663 680 3719; x_wconf 80' lang='lat' dir='ltr'><strong>Schdtzius</strong></span> <span class='ocrx_word' id='word_1_290' title='bbox 694 3667 826 3742; x_wconf 82' lang='lat' dir='ltr'><strong>explicat·</strong></span> <span class='ocrx_word' id='word_1_291' title='bbox 836 3687 890 3720; x_wconf 88' lang='lat' dir='ltr'><strong>una</strong></span> <span class='ocrx_word' id='word_1_292' title='bbox 902 3669 1038 3740; x_wconf 82' lang='lat' dir='ltr'><strong>profectus</strong></span> <span class='ocrx_word' id='word_1_293' title='bbox 1052 3685 1107 3736; x_wconf 85' lang='lat' dir='ltr'><strong>est;</strong></span> <span class='ocrx_word' id='word_1_294' title='bbox 1121 3693 1175 3726; x_wconf 90' lang='lat' dir='ltr'><strong>una</strong></span> <span class='ocrx_word' id='word_1_295' title='bbox 1187 3677 1265 3728; x_wconf 88' lang='lat' dir='ltr'><strong>etiarn</strong></span> <span class='ocrx_word' id='word_1_296' title='bbox 1279 3683 1460 3749; x_wconf 84' lang='lat' dir='ltr'><strong>cumprocon-</strong></span> 
     </span>
     <span class='ocr_line' id='line_1_33' title="bbox 360 3746 1461 3830; baseline 0.005 -28"><span class='ocrx_word' id='word_1_297' title='bbox 360 3748 548 3802; x_wconf 84' lang='lat' dir='ltr'><strong>suledecessit.</strong></span> <span class='ocrx_word' id='word_1_298' title='bbox 567 3746 690 3802; x_wconf 79' lang='lat' dir='ltr'><strong>Putrdtun</strong></span> <span class='ocrx_word' id='word_1_299' title='bbox 702 3765 764 3801; x_wconf 84' lang='lat' dir='ltr'><strong>sene</strong></span> <span class='ocrx_word' id='word_1_300' title='bbox 775 3749 912 3802; x_wconf 79' lang='lat' dir='ltr'><strong>Ciceronis</strong></span> <span class='ocrx_word' id='word_1_301' title='bbox 924 3749 1103 3823; x_wconf 80' lang='lat' dir='ltr'><strong>diligentiam</strong></span> <span class='ocrx_word' id='word_1_302' title='bbox 1121 3772 1198 3824; x_wconf 78' lang='lat' dir='ltr'><strong>quasi</strong></span> <span class='ocrx_word' id='word_1_303' title='bbox 1210 3773 1272 3825; x_wconf 88' lang='lat' dir='ltr'><strong>qms</strong></span> <span class='ocrx_word' id='word_1_304' title='bbox 1285 3757 1314 3808; x_wconf 84' lang='lat' dir='ltr'><strong>iu</strong></span> <span class='ocrx_word' id='word_1_305' title='bbox 1327 3757 1461 3830; x_wconf 82' lang='lat' dir='ltr'><strong>provincis</strong></span> 
     </span>
     <span class='ocr_line' id='line_1_34' title="bbox 359 3833 1460 3898; baseline 0.008 -8"><span class='ocrx_word' id='word_1_306' title='bbox 359 3845 501 3890; x_wconf 73' lang='lat' dir='ltr'><strong>morsuum</strong></span> <span class='ocrx_word' id='word_1_307' title='bbox 517 3833 669 3888; x_wconf 56' lang='lat' dir='ltr'><strong>manas</strong></span> <span class='ocrx_word' id='word_1_308' title='bbox 689 3837 778 3888; x_wconf 76' lang='lat' dir='ltr'><strong>esset!</strong></span> <span class='ocrx_word' id='word_1_309' title='bbox 802 3836 860 3888; x_wconf 81' lang='lat' dir='ltr'><strong>Hoc</strong></span> <span class='ocrx_word' id='word_1_310' title='bbox 885 3835 953 3889; x_wconf 81' lang='lat' dir='ltr'><strong>vidit</strong></span> <span class='ocrx_word' id='word_1_311' title='bbox 982 3835 1123 3894; x_wconf 75' lang='lat' dir='ltr'><strong>Mulieres.</strong></span> <span class='ocrx_word' id='word_1_312' title='bbox 1146 3839 1235 3894; x_wconf 84' lang='lat' dir='ltr'><strong>Idem</strong></span> <span class='ocrx_word' id='word_1_313' title='bbox 1243 3841 1317 3896; x_wconf 81' lang='lat' dir='ltr'><strong>addit</strong></span> <span class='ocrx_word' id='word_1_314' title='bbox 1339 3847 1460 3898; x_wconf 74' lang='lat' dir='ltr'><strong>‹leoedem</strong></span> 
     </span>
     <span class='ocr_line' id='line_1_35' title="bbox 361 3917 1461 3995; baseline 0.01 -28"><span class='ocrx_word' id='word_1_315' title='bbox 361 3918 394 3970; x_wconf 90' lang='lat' dir='ltr'><strong>de</strong></span> <span class='ocrx_word' id='word_1_316' title='bbox 412 3917 478 3968; x_wconf 88' lang='lat' dir='ltr'><strong>urbe</strong></span> <span class='ocrx_word' id='word_1_317' title='bbox 497 3917 621 3968; x_wconf 86' lang='lat' dir='ltr'><strong>Roma</strong></span> <span class='ocrx_word' id='word_1_318' title='bbox 600 3935 623 3968; x_wconf 83' lang='lat' dir='ltr'><strong>st</strong></span> <span class='ocrx_word' id='word_1_319' title='bbox 640 3917 965 3990; x_wconf 75' lang='lat' dir='ltr'><strong>accipiatur,ineptiorem</strong></span> <span class='ocrx_word' id='word_1_320' title='bbox 982 3920 1040 3974; x_wconf 79' lang='lat' dir='ltr'><strong>fieri</strong></span> <span class='ocrx_word' id='word_1_321' title='bbox 1058 3940 1177 3979; x_wconf 80' lang='lat' dir='ltr'><strong>sensum.</strong></span> <span class='ocrx_word' id='word_1_322' title='bbox 1193 3925 1294 3982; x_wconf 74' lang='lat' dir='ltr'><strong>Verum</strong></span> <span class='ocrx_word' id='word_1_323' title='bbox 1311 3939 1363 3982; x_wconf 81' lang='lat' dir='ltr'><strong>est.</strong></span> <span class='ocrx_word' id='word_1_324' title='bbox 1382 3926 1461 3995; x_wconf 86' lang='lat' dir='ltr'><strong>Quod</strong></span> 
     </span>
     <span class='ocr_line' id='line_1_36' title="bbox 361 4000 1462 4084; baseline 0.009 -30"><span class='ocrx_word' id='word_1_325' title='bbox 361 4001 491 4056; x_wconf 82' lang='lat' dir='ltr'><strong>Mdllerus</strong></span> <span class='ocrx_word' id='word_1_326' title='bbox 503 4000 671 4056; x_wconf 87' lang='lat' dir='ltr'><strong>scribendum</strong></span> <span class='ocrx_word' id='word_1_327' title='bbox 691 4003 802 4065; x_wconf 74' lang='lat' dir='ltr'><strong>suadet,</strong></span> <span class='ocrx_word' id='word_1_328' title='bbox 817 4005 966 4076; x_wconf 69' lang='lat' dir='ltr'><strong>praefectus,</strong></span> <span class='ocrx_word' id='word_1_329' title='bbox 980 4025 1034 4063; x_wconf 85' lang='lat' dir='ltr'><strong>non</strong></span> <span class='ocrx_word' id='word_1_330' title='bbox 1047 4007 1116 4062; x_wconf 85' lang='lat' dir='ltr'><strong>bene</strong></span> <span class='ocrx_word' id='word_1_331' title='bbox 1124 4008 1236 4066; x_wconf 86' lang='lat' dir='ltr'><strong>defendi</strong></span> <span class='ocrx_word' id='word_1_332' title='bbox 1243 4023 1341 4084; x_wconf 86' lang='lat' dir='ltr'><strong>potest,</strong></span> <span class='ocrx_word' id='word_1_333' title='bbox 1351 4012 1422 4084; x_wconf 85' lang='lat' dir='ltr'><strong>quod</strong></span> <span class='ocrx_word' id='word_1_334' title='bbox 1436 4017 1462 4064; x_wconf 86' lang='lat' dir='ltr'><strong>in</strong></span> 
     </span>
     <span class='ocr_line' id='line_1_37' title="bbox 358 4086 1463 4167; baseline 0.009 -27"><span class='ocrx_word' id='word_1_335' title='bbox 358 4089 517 4161; x_wconf 76' lang='lat' dir='ltr'><strong>provinciam</strong></span> <span class='ocrx_word' id='word_1_336' title='bbox 530 4087 651 4140; x_wconf 79' lang='lat' dir='ltr'><strong>decedere</strong></span> <span class='ocrx_word' id='word_1_337' title='bbox 660 4105 714 4139; x_wconf 87' lang='lat' dir='ltr'><strong>non</strong></span> <span class='ocrx_word' id='word_1_338' title='bbox 730 4086 808 4140; x_wconf 84' lang='lat' dir='ltr'><strong>facile</strong></span> <span class='ocrx_word' id='word_1_339' title='bbox 821 4089 920 4142; x_wconf 87' lang='lat' dir='ltr'><strong>dictum</strong></span> <span class='ocrx_word' id='word_1_340' title='bbox 933 4089 1095 4164; x_wconf 87' lang='lat' dir='ltr'><strong>reperietur;</strong></span> <span class='ocrx_word' id='word_1_341' title='bbox 1112 4112 1199 4166; x_wconf 85' lang='lat' dir='ltr'><strong>neque</strong></span> <span class='ocrx_word' id='word_1_342' title='bbox 1216 4094 1281 4147; x_wconf 89' lang='lat' dir='ltr'><strong>satis</strong></span> <span class='ocrx_word' id='word_1_343' title='bbox 1296 4095 1463 4167; x_wconf 82' lang='lat' dir='ltr'><strong>proconsulis</strong></span> 
     </span>
     <span class='ocr_line' id='line_1_38' title="bbox 361 4167 1462 4252; baseline 0.008 -28"><span class='ocrx_word' id='word_1_344' title='bbox 361 4185 389 4225; x_wconf 89' lang='lat' dir='ltr'><strong>et</strong></span> <span class='ocrx_word' id='word_1_345' title='bbox 400 4169 516 4244; x_wconf 80' lang='lat' dir='ltr'><strong>proel&#39;ecti</strong></span> <span class='ocrx_word' id='word_1_346' title='bbox 525 4167 640 4240; x_wconf 80' lang='lat' dir='ltr'><strong>dignitas</strong></span> <span class='ocrx_word' id='word_1_347' title='bbox 653 4171 839 4244; x_wconf 83' lang='lat' dir='ltr'><strong>distinguitur.</strong></span> <span class='ocrx_word' id='word_1_348' title='bbox 853 4174 954 4227; x_wconf 87' lang='lat' dir='ltr'><strong>Verum</strong></span> <span class='ocrx_word' id='word_1_349' title='bbox 967 4174 1102 4230; x_wconf 89' lang='lat' dir='ltr'><strong>lenissima</strong></span> <span class='ocrx_word' id='word_1_350' title='bbox 1111 4179 1256 4236; x_wconf 76' lang='lat' dir='ltr'><strong>mutatione</strong></span> <span class='ocrx_word' id='word_1_351' title='bbox 1269 4182 1384 4252; x_wconf 80' lang='lat' dir='ltr'><strong>profecto</strong></span> <span class='ocrx_word' id='word_1_352' title='bbox 1397 4181 1462 4236; x_wconf 88' lang='lat' dir='ltr'><strong>scri·</strong></span> 
     </span>
     <span class='ocr_line' id='line_1_39' title="bbox 360 4253 1092 4318; baseline 0.004 -9"><span class='ocrx_word' id='word_1_353' title='bbox 360 4253 478 4310; x_wconf 88' lang='lat' dir='ltr'><strong>bendum</strong></span> <span class='ocrx_word' id='word_1_354' title='bbox 488 4269 592 4318; x_wconf 81' lang='lat' dir='ltr'><strong>censeo,</strong></span> <span class='ocrx_word' id='word_1_355' title='bbox 606 4267 632 4308; x_wconf 85' lang='lat' dir='ltr'><strong>et</strong></span> <span class='ocrx_word' id='word_1_356' title='bbox 646 4255 872 4309; x_wconf 85' lang='lat' dir='ltr'><strong>commodissimus</strong></span> <span class='ocrx_word' id='word_1_357' title='bbox 888 4277 983 4311; x_wconf 86' lang='lat' dir='ltr'><strong>sensus</strong></span> <span class='ocrx_word' id='word_1_358' title='bbox 1000 4258 1092 4312; x_wconf 82' lang='lat' dir='ltr'><strong>exibit.</strong></span> 
     </span>
    </p>
   </div>
   <div class='ocr_carea' id='block_1_8' title="bbox 0 0 1648 5344">
    <p class='ocr_par' dir='ltr' id='par_1_10' title="bbox 0 0 1648 5344">
     <span class='ocr_line' id='line_1_40' title="bbox 0 0 1648 5344; baseline 0 2"><span class='ocrx_word' id='word_1_359' title='bbox 0 0 1648 5344; x_wconf 95' lang='lat' dir='ltr'><strong> </strong></span> 
     </span>
    </p>
   </div>
  </div>
 </body>
</html>
