3218 5320
649 401 715 474 331

135 540 212 604 tutti
228 542 359 610 Caesaris
372 538 567 626 expeditione
590 540 742 604 Airiorns
753 544 906 604 exercitni
919 557 1055 623 proeerat
1066 545 1232 626 proconsul

133 643 183 722 (V.
201 639 321 703 Hirtius
330 642 459 702 Debell.
475 641 541 703 Air.
556 663 584 704 o.
603 641 666 723 80),
679 643 797 704 arctius
808 643 880 706 dein
893 643 1020 724 junctus
1033 646 1184 724 Augusto:
1196 666 1228 708 v.

131 738 219 800 Suet.
237 742 316 815 Aug.
333 757 363 800 o.
377 738 430 800 56.
442 736 592 800 Veneficii
602 757 656 800 reo
667 737 785 819 objecit
797 739 920 802 Cassius
932 740 1065 802 Severus
1074 755 1234 804 accusator
1289 705 1331 780 ¹3

133 838 231 919 (Suet.
249 843 331 917 Aug.
355 859 385 900 c.
410 836 467 922 ,56)
482 885 491 914 ,
517 859 587 902 eum
605 857 726 902 veneno
750 841 883 920 triginta
903 854 937 902 et
949 853 1075 904 centum
1088 839 1236 906 convivat

134 959 261 1002 necasse
274 961 282 1000 ε
296 959 327 1002 v.
343 939 426 1008 Plin.
439 939 479 1000 Η.
497 941 536 1001 Ν.
553 939 683 1014 XXXV,
706 941 757 1013 12,
780 955 859 1004 extr.

176 1034 310 1119 Quintil.
327 1039 374 1109 X,
384 1039 414 1108 l,
431 1035 794 1110 23=1tluduutissimum
809 1057 897 1102 nosse
909 1057 961 1103 eas
975 1057 1094 1111 causas,
1104 1056 1237 1118 quarm

135 1137 293 1201 orationes
302 1137 336 1200 in
350 1157 459 1200 manus
473 1134 703 1218 sumpserimus,
720 1151 752 1200 et
764 1138 884 1218 quoties
892 1134 1065 1216 continget,
1079 1137 1237 1228 utrimque

134 1236 256 1298 habitas
266 1238 370 1317 legere
384 1234 535 1308 actiones,
551 1253 585 1300 ut
600 1240 819 1302 Demosthenis
832 1252 924 1318 atque
940 1235 1094 1300 AEschinis
1106 1238 1191 1300 inter
1203 1257 1237 1298 se

133 1331 307 1408 contrarias
320 1347 352 1396 et
362 1333 450 1396 Serv.
464 1331 592 1416 Sulpicii
609 1349 703 1416 atque
717 1336 864 1410 Messaloe,
884 1347 917 1396 et
927 1334 1082 1395 Pollionis
1091 1350 1121 1396 et
1138 1334 1238 1394 Cassii

133 1452 188 1492 reo
206 1434 390 1511 Asprenate,
405 1429 542 1513 aliasque
556 1434 716 1514 plurimas.
733 1469 776 1484 -··-
790 1435 960 1496 Exordium
974 1430 1125 1496 orationis
1137 1430 1237 1496 Cassii

131 1531 300 1592 etiamnum
313 1545 423 1593 exstat.
486 1593 488 1597 .

175 1629 207 1690 t.
231 1630 318 1695 Dixit
333 1632 458 1694 Asinius
474 1635 508 1694 in
530 1633 591 1695 alia
606 1634 702 1695 etiam
721 1631 865 1696 veneficii
889 1653 994 1708 causa,
1017 1653 1071 1694 reo
1093 1632 1232 1702 Moscho,

132 1729 324 1805 Pergameno
338 1729 475 1790 rhetore.
493 1731 531 1790 In
542 1731 650 1792 eadem
663 1729 718 1790 lite
728 1731 792 1809 egit
801 1728 934 1792 Manlius
947 1733 1130 1812 Torquatus,
1142 1751 1234 1813 quem

134 1829 280 1893 Horatius
293 1830 391 1910 Epist.
410 1831 437 1904 l,
450 1833 480 1903 5,
493 1832 532 1892 ad
545 1851 665 1894 coenam
677 1833 825 1904 invitans,
839 1845 944 1894 monet
958 1853 989 1893 r.
1007 1835 1040 1904 8,
1054 1837 1083 1897 9.

310 1993 392 2049 Mitte
408 1995 473 2046 leves
486 2013 545 2064 sper
558 2004 585 2048 et
597 1969 740 2048 cerlauu'na
750 1997 910 2058 destiturum,

307 2081 335 2125 et
354 2075 458 2126 Moscltt'
467 2095 582 2140 causam,

129 2228 170 2289 ad
189 2247 281 2308 quem
296 2228 397 2290 locum
411 2226 605 2312 Porphyrio=
625 2229 694 2306 Hic,
717 2231 832 2314 inquit,
845 2232 1059 2311 Pergamenus
1071 2227 1233 2290 rhetoruo·

130 2331 276 2400 u‘ssimus,
299 2347 369 2388 reus
379 2327 605 2408 veneficiifuit,
625 2325 716 2410 cujus
730 2351 855 2391 causam
869 2351 912 2390 ex
925 2334 1036 2411 prinus
1051 2344 1121 2389 tuuc
1136 2344 1233 2389 orato·

131 2447 182 2486 res
192 2441 327 2506 egerunt,
352 2427 523 2513 Torquatus
540 2427 603 2502 hic,
623 2430 737 2514 dequo
752 2451 830 2490 nuuc
848 2443 940 2508 poeta
954 2431 1042 2506 dicit,
1058 2444 1089 2490 et
1102 2427 1234 2489 Asinius

133 2523 243 2584 Pollio.

160 2709 404 2774 causam-egerunt]
424 2721 503 2754 causa
517 2714 588 2753 certe
598 2713 658 2752 ante
672 2718 770 2756 annunt
785 2699 845 2761 tot,
860 2717 913 2768 quo
929 2699 1079 2768 Torquatus
1096 2699 1124 2749 in
1138 2699 1234 2770 llispa-

197 2781 242 2831 nia
264 2800 324 2832 cum
348 2781 470 2852 Scipione
491 2782 612 2842 interiit,
643 2793 701 2832 acts
724 2793 773 2832 est.
801 2777 867 2830 Vide
888 2779 1050 2846 Torquatum
1078 2789 1231 2839 oratorem,

200 2883 227 2934 p.
242 2865 323 2942 219.ι
374 2935 378 2942 ¹

172 3030 202 3090 i.
228 3029 367 3094 Tertium
383 3029 441 3090 init
462 3031 562 3092 Asinii
576 3029 784 3112 patrocinium
803 3027 838 3089 iu
859 3047 953 3090 causa
976 3024 1142 3090 veneficiis
1159 3043 1232 3088 uam

129 3128 266 3191 defendit
288 3129 523 3207 Apollodorum,
546 3129 637 3214 hujus
660 3128 801 3192 criminis
821 3149 921 3190 mum.
941 3127 1012 3188 Fuit
1031 3125 1233 3209 Apollodorus

128 3228 236 3292 itidem
244 3231 454 3309 Pergamenus
460 3235 581 3308 rhetor,
593 3245 767 3314 preceptor
776 3231 908 3310 Augusti
919 3229 1013 3312 (Suet.
1029 3230 1109 3308 Aug.
1123 3246 1153 3289 c.
1167 3227 1231 3310 89),

130 3332 206 3393 artis
232 3330 399 3395 rhetoricae
420 3336 555 3416 scriptor
575 3333 796 3396 celeberrimus
823 3328 969 3416 (Quintil.
992 3331 1049 3405 111,
1075 3330 1104 3404 1,
1133 3329 1232 3413 ll),a

130 3427 217 3508 eujus
232 3449 301 3492 cum
312 3427 476 3493 Theodoro
487 3431 644 3502 Gadareo,
662 3429 810 3508 magistro
825 3425 957 3500 Tiberii,
977 3426 1115 3488 dissensu
1125 3445 1232 3492 mana·

128 3544 202 3592 runt
227 3542 318 3592 sectae
333 3529 620 3608 'Apollodo'reorum
644 3543 677 3594 et
709 3527 967 3592 Theodoreorum.
1003 3527 1232 3588 condemnatus

128 3627 333 3709 Apollodorus
346 3628 512 3690 Massiliam
523 3627 659 3702 secessit,
672 3627 777 3708 ibique
787 3626 892 3688 docuit
905 3624 1027 3708 (Senes.
1041 3623 1064 3683 l.
1081 3643 1105 3682 11
1116 3619 1226 3684 Cuntr.

129 3746 200 3799 xus,
217 3745 248 3806 p.
263 3725 349 3810 202),
367 3744 497 3807 eumque
510 3725 596 3788 inter
609 3737 753 3809 μακροβίους
765 3737 908 3785 recenset
926 3717 1101 3795 Lucienus,
1119 3739 1149 3780 c.
1172 3719 1226 3783 23.

172 3821 284 3885 Senec.
301 3823 453 3887 controv.
471 3823 516 3894 Π,
535 3823 589 3898 13,
605 3821 641 3906 p.
659 3822 720 3886 202
739 3843 748 3881 s
765 3817 844 3883 Novi
860 3819 1084 3882 declamatores
1096 3830 1128 3880 et
1140 3816 1228 3880 Pota·

129 3937 202 3979 mon
213 3937 283 3981 oum
296 3920 494 4001 Apollodoro,
511 3918 649 4000 quiretis
658 3917 803 3980 veneficii
815 3915 874 3978 iuit
887 3930 919 3978 et
933 3937 951 3978 a
970 3915 1108 3979 Pollione
1121 3912 1227 3976 Asinio

129 4018 283 4093 defensus,
299 4021 461 4082 damnatus
479 4015 621 4080 llassilioe
642 4015 757 4092 docuit,
781 4030 812 4079 et
836 4018 917 4080 hanc
932 4017 1130 4098 questionem
1149 4012 1227 4076 leoe-

127 4128 202 4177 runt
214 4113 247 4177 iu
256 4116 316 4178 hac
331 4113 557 4192 controversia,
575 4138 615 4180 an
630 4114 715 4180 inter
726 4111 811 4178 viros
824 4127 977 4178 etuxores
990 4116 1062 4180 data
1071 4109 1229 4178 beneficia

129 4212 246 4291 ingrati
260 4212 328 4292 lege
347 4226 523 4278 teneantur.
