<?xml version="1.0" encoding="UTF-8"?>
<!DOCTYPE html PUBLIC "-//W3C//DTD XHTML 1.0 Transitional//EN"
    "http://www.w3.org/TR/xhtml1/DTD/xhtml1-transitional.dtd">
<html xmlns="http://www.w3.org/1999/xhtml" xml:lang="en" lang="en">
 <head>
  <title>
</title>
<meta http-equiv="Content-Type" content="text/html;charset=utf-8" />
  <meta name='ocr-system' content='tesseract 3.04.00' />
  <meta name='ocr-capabilities' content='ocr_page ocr_carea ocr_par ocr_line ocrx_word'/>
</head>
<body>
  <div class='ocr_page' id='page_1' title='image "./oratorumromanor01meyegoog_0057.png"; bbox 0 0 3288 5344; ppageno 0'>
   <div class='ocr_carea' id='block_1_1' title="bbox 881 405 924 476">
    <p class='ocr_par' dir='ltr' id='par_1_1' title="bbox 881 405 924 476">
     <span class='ocr_line' id='line_1_1' title="bbox 881 405 924 476; baseline 0.023 -1"><span class='ocrx_word' id='word_1_1' title='bbox 881 405 924 476; x_wconf 76' lang='lat'><strong>32</strong></span> 
     </span>
    </p>
   </div>
   <div class='ocr_carea' id='block_1_2' title="bbox 338 541 1461 3575">
    <p class='ocr_par' dir='ltr' id='par_1_2' title="bbox 338 541 1461 2101">
     <span class='ocr_line' id='line_1_2' title="bbox 355 541 1448 630; baseline -0.002 -22"><span class='ocrx_word' id='word_1_2' title='bbox 355 543 442 624; x_wconf 73' lang='lat' dir='ltr'><strong>genti</strong></span> <span class='ocrx_word' id='word_1_3' title='bbox 457 545 568 630; x_wconf 86' lang='lat' dir='ltr'><strong>spiritu</strong></span> <span class='ocrx_word' id='word_1_4' title='bbox 578 545 724 628; x_wconf 79' lang='lat' dir='ltr'><strong>juvenem</strong></span> <span class='ocrx_word' id='word_1_5' title='bbox 734 541 897 627; x_wconf 86' lang='lat' dir='ltr'><strong>optimates</strong></span> <span class='ocrx_word' id='word_1_6' title='bbox 911 561 981 605; x_wconf 90' lang='lat' dir='ltr'><strong>cum</strong></span> <span class='ocrx_word' id='word_1_7' title='bbox 992 561 1051 626; x_wconf 90' lang='lat' dir='ltr'><strong>per</strong></span> <span class='ocrx_word' id='word_1_8' title='bbox 1065 543 1168 626; x_wconf 84' lang='lat' dir='ltr'><strong>plnres</strong></span> <span class='ocrx_word' id='word_1_9' title='bbox 1183 563 1280 608; x_wconf 87' lang='lat' dir='ltr'><strong>annos</strong></span> <span class='ocrx_word' id='word_1_10' title='bbox 1297 541 1331 608; x_wconf 91' lang='lat' dir='ltr'><strong>in</strong></span> <span class='ocrx_word' id='word_1_11' title='bbox 1344 543 1448 609; x_wconf 87' lang='lat' dir='ltr'><strong>Sardi·</strong></span> 
     </span>
     <span class='ocr_line' id='line_1_3' title="bbox 355 640 1461 726; baseline 0 -18"><span class='ocrx_word' id='word_1_12' title='bbox 355 641 441 708; x_wconf 86' lang='lat' dir='ltr'><strong>niam</strong></span> <span class='ocrx_word' id='word_1_13' title='bbox 460 642 582 708; x_wconf 87' lang='lat' dir='ltr'>succedi</span> <span class='ocrx_word' id='word_1_14' title='bbox 602 641 649 705; x_wconf 90' lang='lat' dir='ltr'><strong>illi</strong></span> <span class='ocrx_word' id='word_1_15' title='bbox 665 662 728 705; x_wconf 89' lang='lat' dir='ltr'><strong>non</strong></span> <span class='ocrx_word' id='word_1_16' title='bbox 741 653 934 724; x_wconf 84' lang='lat' dir='ltr'><strong>paterentur,</strong></span> <span class='ocrx_word' id='word_1_17' title='bbox 948 641 1111 705; x_wconf 77' lang='lat' dir='ltr'><strong>Gracchus</strong></span> <span class='ocrx_word' id='word_1_18' title='bbox 1129 653 1237 723; x_wconf 86' lang='lat' dir='ltr'><strong>sponte</strong></span> <span class='ocrx_word' id='word_1_19' title='bbox 1253 640 1365 706; x_wconf 85' lang='lat' dir='ltr'><strong>relicta</strong></span> <span class='ocrx_word' id='word_1_20' title='bbox 1379 663 1461 726; x_wconf 64' lang='lat' dir='ltr'><strong>pro-e</strong></span> 
     </span>
     <span class='ocr_line' id='line_1_4' title="bbox 355 736 1449 823; baseline -0.001 -18"><span class='ocrx_word' id='word_1_21' title='bbox 355 743 464 808; x_wconf 84' lang='lat' dir='ltr'><strong>vincia</strong></span> <span class='ocrx_word' id='word_1_22' title='bbox 483 747 612 806; x_wconf 86' lang='lat' dir='ltr'><strong>Romam</strong></span> <span class='ocrx_word' id='word_1_23' title='bbox 627 739 731 804; x_wconf 91' lang='lat' dir='ltr'><strong>rediit.</strong></span> <span class='ocrx_word' id='word_1_24' title='bbox 751 742 850 802; x_wconf 86' lang='lat' dir='ltr'><strong>Motus</strong></span> <span class='ocrx_word' id='word_1_25' title='bbox 869 737 902 802; x_wconf 88' lang='lat' dir='ltr'><strong>in</strong></span> <span class='ocrx_word' id='word_1_26' title='bbox 916 739 1004 800; x_wconf 83' lang='lat' dir='ltr'>Urbe</span> <span class='ocrx_word' id='word_1_27' title='bbox 1023 736 1138 800; x_wconf 89' lang='lat' dir='ltr'><strong>dicitur</strong></span> <span class='ocrx_word' id='word_1_28' title='bbox 1158 739 1267 812; x_wconf 84' lang='lat' dir='ltr'><strong>lautus,</strong></span> <span class='ocrx_word' id='word_1_29' title='bbox 1284 753 1449 823; x_wconf 86' lang='lat' dir='ltr'><strong>auctusque</strong></span> 
     </span>
     <span class='ocr_line' id='line_1_5' title="bbox 356 834 1450 921; baseline -0.004 -17"><span class='ocrx_word' id='word_1_30' title='bbox 356 842 405 905; x_wconf 89' lang='lat' dir='ltr'><strong>ira</strong></span> <span class='ocrx_word' id='word_1_31' title='bbox 431 839 569 907; x_wconf 81' lang='lat' dir='ltr'><strong>Gracchi</strong></span> <span class='ocrx_word' id='word_1_32' title='bbox 592 851 626 902; x_wconf 89' lang='lat' dir='ltr'><strong>et</strong></span> <span class='ocrx_word' id='word_1_33' title='bbox 644 836 746 918; x_wconf 86' lang='lat' dir='ltr'><strong>gratia</strong></span> <span class='ocrx_word' id='word_1_34' title='bbox 773 840 853 921; x_wconf 91' lang='lat' dir='ltr'><strong>apud</strong></span> <span class='ocrx_word' id='word_1_35' title='bbox 878 834 994 900; x_wconf 85' lang='lat' dir='ltr'><strong>milites</strong></span> <span class='ocrx_word' id='word_1_36' title='bbox 1018 834 1232 900; x_wconf 85' lang='lat' dir='ltr'><strong>Sardinienses</strong></span> <span class='ocrx_word' id='word_1_37' title='bbox 1253 836 1331 900; x_wconf 92' lang='lat' dir='ltr'><strong>inita</strong></span> <span class='ocrx_word' id='word_1_38' title='bbox 1352 853 1450 903; x_wconf 88' lang='lat' dir='ltr'><strong>metus</strong></span> 
     </span>
     <span class='ocr_line' id='line_1_6' title="bbox 357 937 1451 1026; baseline -0.002 -21"><span class='ocrx_word' id='word_1_39' title='bbox 357 941 562 1026; x_wconf 87' lang='lat' dir='ltr'><strong>optimatium.</strong></span> <span class='ocrx_word' id='word_1_40' title='bbox 574 943 680 1024; x_wconf 82' lang='lat' dir='ltr'><strong>Quare</strong></span> <span class='ocrx_word' id='word_1_41' title='bbox 695 953 726 1002; x_wconf 93' lang='lat' dir='ltr'><strong>et</strong></span> <span class='ocrx_word' id='word_1_42' title='bbox 736 942 819 1022; x_wconf 89' lang='lat' dir='ltr'><strong>apud</strong></span> <span class='ocrx_word' id='word_1_43' title='bbox 828 958 991 1002; x_wconf 88' lang='lat' dir='ltr'><strong>censorem</strong></span> <span class='ocrx_word' id='word_1_44' title='bbox 1002 941 1039 1001; x_wconf 90' lang='lat' dir='ltr'><strong>L.</strong></span> <span class='ocrx_word' id='word_1_45' title='bbox 1056 937 1195 1000; x_wconf 87' lang='lat' dir='ltr'><strong>Cassium</strong></span> <span class='ocrx_word' id='word_1_46' title='bbox 1211 957 1336 1001; x_wconf 84' lang='lat' dir='ltr'><strong>caueam</strong></span> <span class='ocrx_word' id='word_1_47' title='bbox 1347 937 1451 1004; x_wconf 83' lang='lat' dir='ltr'><strong>dicere</strong></span> 
     </span>
     <span class='ocr_line' id='line_1_7' title="bbox 356 1033 1450 1120; baseline -0.002 -18"><span class='ocrx_word' id='word_1_48' title='bbox 356 1053 490 1114; x_wconf 86' lang='lat' dir='ltr'><strong>coactus,</strong></span> <span class='ocrx_word' id='word_1_49' title='bbox 505 1042 558 1102; x_wconf 85' lang='lat' dir='ltr'><strong>sed</strong></span> <span class='ocrx_word' id='word_1_50' title='bbox 570 1039 726 1102; x_wconf 88' lang='lat' dir='ltr'><strong>absolutus</strong></span> <span class='ocrx_word' id='word_1_51' title='bbox 738 1051 802 1110; x_wconf 81' lang='lat' dir='ltr'><strong>sst3</strong></span> <span class='ocrx_word' id='word_1_52' title='bbox 826 1052 858 1100; x_wconf 91' lang='lat' dir='ltr'><strong>et</strong></span> <span class='ocrx_word' id='word_1_53' title='bbox 870 1035 1034 1120; x_wconf 76' lang='lat' dir='ltr'><strong>optimates</strong></span> <span class='ocrx_word' id='word_1_54' title='bbox 1043 1033 1180 1117; x_wconf 89' lang='lat' dir='ltr'><strong>quolibet</strong></span> <span class='ocrx_word' id='word_1_55' title='bbox 1191 1047 1282 1117; x_wconf 86' lang='lat' dir='ltr'><strong>pacto</strong></span> <span class='ocrx_word' id='word_1_56' title='bbox 1294 1035 1450 1100; x_wconf 86' lang='lat' dir='ltr'><strong>homiuem</strong></span> 
     </span>
     <span class='ocr_line' id='line_1_8' title="bbox 355 1131 1450 1216; baseline -0.001 -18"><span class='ocrx_word' id='word_1_57' title='bbox 355 1136 390 1200; x_wconf 91' lang='lat' dir='ltr'><strong>in</strong></span> <span class='ocrx_word' id='word_1_58' title='bbox 415 1135 542 1200; x_wconf 88' lang='lat' dir='ltr'><strong>insidias</strong></span> <span class='ocrx_word' id='word_1_59' title='bbox 562 1139 638 1198; x_wconf 90' lang='lat' dir='ltr'><strong>dare</strong></span> <span class='ocrx_word' id='word_1_60' title='bbox 660 1133 820 1216; x_wconf 90' lang='lat' dir='ltr'><strong>cupientes</strong></span> <span class='ocrx_word' id='word_1_61' title='bbox 837 1137 1027 1215; x_wconf 74' lang='lat' dir='ltr'><strong>Fregellanae</strong></span> <span class='ocrx_word' id='word_1_62' title='bbox 1040 1131 1263 1216; x_wconf 83' lang='lat' dir='ltr'><strong>conjurationis</strong></span> <span class='ocrx_word' id='word_1_63' title='bbox 1280 1135 1403 1216; x_wconf 87' lang='lat' dir='ltr'><strong>eulpam</strong></span> <span class='ocrx_word' id='word_1_64' title='bbox 1416 1133 1450 1198; x_wconf 92' lang='lat' dir='ltr'><strong>in</strong></span> 
     </span>
     <span class='ocr_line' id='line_1_9' title="bbox 357 1233 1450 1316; baseline -0.001 -17"><span class='ocrx_word' id='word_1_65' title='bbox 357 1259 427 1302; x_wconf 91' lang='lat' dir='ltr'><strong>eum</strong></span> <span class='ocrx_word' id='word_1_66' title='bbox 441 1238 650 1302; x_wconf 89' lang='lat' dir='ltr'><strong>contulerunt.</strong></span> <span class='ocrx_word' id='word_1_67' title='bbox 665 1235 726 1298; x_wconf 83' lang='lat' dir='ltr'><strong>sed</strong></span> <span class='ocrx_word' id='word_1_68' title='bbox 743 1233 883 1316; x_wconf 84' lang='lat' dir='ltr'><strong>quamvis</strong></span> <span class='ocrx_word' id='word_1_69' title='bbox 897 1233 1051 1310; x_wconf 86' lang='lat' dir='ltr'><strong>acerrime</strong></span> <span class='ocrx_word' id='word_1_70' title='bbox 1072 1236 1270 1316; x_wconf 72' lang='lat' dir='ltr'><strong>questionem</strong></span> <span class='ocrx_word' id='word_1_71' title='bbox 1284 1249 1450 1298; x_wconf 74' lang='lat' dir='ltr'><strong>exercente</strong></span> 
     </span>
     <span class='ocr_line' id='line_1_10' title="bbox 356 1328 1450 1418; baseline -0.004 -20"><span class='ocrx_word' id='word_1_72' title='bbox 356 1346 489 1418; x_wconf 79' lang='lat' dir='ltr'><strong>proetore</strong></span> <span class='ocrx_word' id='word_1_73' title='bbox 514 1335 548 1394; x_wconf 82' lang='lat' dir='ltr'><strong>L.</strong></span> <span class='ocrx_word' id='word_1_74' title='bbox 570 1328 715 1413; x_wconf 90' lang='lat' dir='ltr'><strong>Opimio,</strong></span> <span class='ocrx_word' id='word_1_75' title='bbox 740 1329 793 1412; x_wconf 91' lang='lat' dir='ltr'><strong>qui</strong></span> <span class='ocrx_word' id='word_1_76' title='bbox 816 1329 930 1394; x_wconf 82' lang='lat' dir='ltr'><strong>exinde</strong></span> <span class='ocrx_word' id='word_1_77' title='bbox 952 1330 1182 1396; x_wconf 88' lang='lat' dir='ltr'><strong>interneciuum</strong></span> <span class='ocrx_word' id='word_1_78' title='bbox 1209 1353 1280 1394; x_wconf 88' lang='lat' dir='ltr'><strong>cnut</strong></span> <span class='ocrx_word' id='word_1_79' title='bbox 1306 1333 1450 1398; x_wconf 79' lang='lat' dir='ltr'><strong>Graccho</strong></span> 
     </span>
     <span class='ocr_line' id='line_1_11' title="bbox 357 1428 1451 1512; baseline -0.005 -15"><span class='ocrx_word' id='word_1_80' title='bbox 357 1437 459 1497; x_wconf 89' lang='lat' dir='ltr'><strong>odium</strong></span> <span class='ocrx_word' id='word_1_81' title='bbox 472 1429 623 1504; x_wconf 82' lang='lat' dir='ltr'><strong>exercuit,</strong></span> <span class='ocrx_word' id='word_1_82' title='bbox 644 1428 738 1492; x_wconf 86' lang='lat' dir='ltr'><strong>stiam</strong></span> <span class='ocrx_word' id='word_1_83' title='bbox 751 1431 811 1494; x_wconf 90' lang='lat' dir='ltr'><strong>hcc</strong></span> <span class='ocrx_word' id='word_1_84' title='bbox 835 1429 968 1494; x_wconf 90' lang='lat' dir='ltr'><strong>crimine</strong></span> <span class='ocrx_word' id='word_1_85' title='bbox 987 1430 1137 1494; x_wconf 84' lang='lat' dir='ltr'><strong>liberatus</strong></span> <span class='ocrx_word' id='word_1_86' title='bbox 1150 1443 1207 1493; x_wconf 90' lang='lat' dir='ltr'><strong>est.</strong></span> <span class='ocrx_word' id='word_1_87' title='bbox 1233 1430 1330 1512; x_wconf 81' lang='lat' dir='ltr'><strong>Hujus</strong></span> <span class='ocrx_word' id='word_1_88' title='bbox 1347 1433 1451 1494; x_wconf 88' lang='lat' dir='ltr'><strong>delen·</strong></span> 
     </span>
     <span class='ocr_line' id='line_1_12' title="bbox 357 1527 1456 1610; baseline -0.004 -16"><span class='ocrx_word' id='word_1_89' title='bbox 357 1528 453 1594; x_wconf 88' lang='lat' dir='ltr'><strong>sionis</strong></span> <span class='ocrx_word' id='word_1_90' title='bbox 466 1550 529 1592; x_wconf 88' lang='lat' dir='ltr'><strong>non</strong></span> <span class='ocrx_word' id='word_1_91' title='bbox 551 1542 586 1590; x_wconf 92' lang='lat' dir='ltr'><strong>ut</strong></span> <span class='ocrx_word' id='word_1_92' title='bbox 610 1527 757 1591; x_wconf 77' lang='lat' dir='ltr'><strong>censurius</strong></span> <span class='ocrx_word' id='word_1_93' title='bbox 772 1528 947 1606; x_wconf 81' lang='lat' dir='ltr'><strong>fragmenta</strong></span> <span class='ocrx_word' id='word_1_94' title='bbox 959 1542 1082 1590; x_wconf 84' lang='lat' dir='ltr'><strong>exstare</strong></span> <span class='ocrx_word' id='word_1_95' title='bbox 1103 1527 1269 1604; x_wconf 60' lang='lat' dir='ltr'><strong>videntum</strong></span> <span class='ocrx_word' id='word_1_96' title='bbox 1294 1529 1352 1591; x_wconf 90' lang='lat' dir='ltr'><strong>sed</strong></span> <span class='ocrx_word' id='word_1_97' title='bbox 1373 1531 1456 1610; x_wconf 89' lang='lat' dir='ltr'><strong>apud·</strong></span> 
     </span>
     <span class='ocr_line' id='line_1_13' title="bbox 359 1623 1452 1700; baseline -0.002 -10"><span class='ocrx_word' id='word_1_98' title='bbox 359 1633 486 1690; x_wconf 78' lang='lat' dir='ltr'><strong>Auctor.</strong></span> <span class='ocrx_word' id='word_1_99' title='bbox 503 1628 543 1687; x_wconf 90' lang='lat' dir='ltr'><strong>ad</strong></span> <span class='ocrx_word' id='word_1_100' title='bbox 557 1628 696 1688; x_wconf 87' lang='lat' dir='ltr'><strong>Herenu.</strong></span> <span class='ocrx_word' id='word_1_101' title='bbox 713 1627 766 1699; x_wconf 89' lang='lat' dir='ltr'><strong>lv,</strong></span> <span class='ocrx_word' id='word_1_102' title='bbox 790 1630 808 1690; x_wconf 88' lang='grc'><strong>9</strong></span> <span class='ocrx_word' id='word_1_103' title='bbox 830 1639 862 1688; x_wconf 89' lang='lat' dir='ltr'><strong>et</strong></span> <span class='ocrx_word' id='word_1_104' title='bbox 882 1628 933 1700; x_wconf 90' lang='lat' dir='ltr'><strong>ll,</strong></span> <span class='ocrx_word' id='word_1_105' title='bbox 949 1625 1139 1691; x_wconf 82' lang='lat' dir='ltr'><strong>imitationes</strong></span> <span class='ocrx_word' id='word_1_106' title='bbox 1152 1623 1266 1690; x_wconf 72' lang='lat' dir='ltr'><strong>reterri</strong></span> <span class='ocrx_word' id='word_1_107' title='bbox 1279 1627 1452 1690; x_wconf 87' lang='lat' dir='ltr'><strong>orationum</strong></span> 
     </span>
     <span class='ocr_line' id='line_1_14' title="bbox 338 1723 1453 1808; baseline 0 -20"><span class='ocrx_word' id='word_1_108' title='bbox 338 1729 341 1737; x_wconf 91' lang='lat'>&#39;</span> <span class='ocrx_word' id='word_1_109' title='bbox 359 1725 392 1790; x_wconf 91' lang='lat' dir='ltr'><strong>in</strong></span> <span class='ocrx_word' id='word_1_110' title='bbox 404 1728 463 1788; x_wconf 88' lang='lat' dir='ltr'><strong>huc</strong></span> <span class='ocrx_word' id='word_1_111' title='bbox 473 1745 566 1788; x_wconf 87' lang='lat' dir='ltr'><strong>eausa</strong></span> <span class='ocrx_word' id='word_1_112' title='bbox 575 1725 615 1786; x_wconf 91' lang='lat' dir='ltr'><strong>ad</strong></span> <span class='ocrx_word' id='word_1_113' title='bbox 625 1736 763 1788; x_wconf 84' lang='lat' dir='ltr'><strong>senatum</strong></span> <span class='ocrx_word' id='word_1_114' title='bbox 775 1737 808 1786; x_wconf 89' lang='lat' dir='ltr'><strong>et</strong></span> <span class='ocrx_word' id='word_1_115' title='bbox 821 1727 965 1808; x_wconf 89' lang='lat' dir='ltr'><strong>populum</strong></span> <span class='ocrx_word' id='word_1_116' title='bbox 974 1725 1153 1790; x_wconf 86' lang='lat' dir='ltr'><strong>habitarum</strong></span> <span class='ocrx_word' id='word_1_117' title='bbox 1167 1724 1350 1806; x_wconf 85' lang='lat' dir='ltr'><strong>conjectura</strong></span> <span class='ocrx_word' id='word_1_118' title='bbox 1364 1723 1453 1788; x_wconf 90' lang='lat' dir='ltr'><strong>nobis</strong></span> 
     </span>
     <span class='ocr_line' id='line_1_15' title="bbox 359 1819 1453 1905; baseline 0 -19"><span class='ocrx_word' id='word_1_119' title='bbox 359 1821 482 1905; x_wconf 86' lang='lat' dir='ltr'><strong>quidem</strong></span> <span class='ocrx_word' id='word_1_120' title='bbox 506 1823 588 1884; x_wconf 89' lang='lat' dir='ltr'><strong>haud</strong></span> <span class='ocrx_word' id='word_1_121' title='bbox 614 1821 746 1884; x_wconf 90' lang='lat' dir='ltr'><strong>absurda</strong></span> <span class='ocrx_word' id='word_1_122' title='bbox 768 1819 902 1884; x_wconf 85' lang='lat' dir='ltr'><strong>videtur.</strong></span> <span class='ocrx_word' id='word_1_123' title='bbox 934 1821 1056 1886; x_wconf 86' lang='lat' dir='ltr'><strong>Talium</strong></span> <span class='ocrx_word' id='word_1_124' title='bbox 1074 1822 1159 1887; x_wconf 88' lang='lat' dir='ltr'><strong>enim</strong></span> <span class='ocrx_word' id='word_1_125' title='bbox 1180 1823 1300 1893; x_wconf 59' lang='lat' dir='ltr'><strong>pretores</strong></span> <span class='ocrx_word' id='word_1_126' title='bbox 1323 1823 1453 1886; x_wconf 84' lang='lat' dir='ltr'><strong>refertos</strong></span> 
     </span>
     <span class='ocr_line' id='line_1_16' title="bbox 359 1918 1452 2006; baseline -0.002 -20"><span class='ocrx_word' id='word_1_127' title='bbox 359 1944 426 1988; x_wconf 88' lang='lat' dir='ltr'><strong>esse</strong></span> <span class='ocrx_word' id='word_1_128' title='bbox 440 1921 508 1984; x_wconf 91' lang='lat' dir='ltr'><strong>illos</strong></span> <span class='ocrx_word' id='word_1_129' title='bbox 521 1919 618 1986; x_wconf 89' lang='lat' dir='ltr'><strong>libros</strong></span> <span class='ocrx_word' id='word_1_130' title='bbox 628 1918 789 2002; x_wconf 86' lang='lat' dir='ltr'><strong>probabile</strong></span> <span class='ocrx_word' id='word_1_131' title='bbox 804 1919 923 1984; x_wconf 86' lang='lat' dir='ltr'><strong>ostendi</strong></span> <span class='ocrx_word' id='word_1_132' title='bbox 936 1921 1063 2004; x_wconf 90' lang='lat' dir='ltr'><strong>poterit,</strong></span> <span class='ocrx_word' id='word_1_133' title='bbox 1086 1921 1148 1985; x_wconf 92' lang='lat' dir='ltr'><strong>imo</strong></span> <span class='ocrx_word' id='word_1_134' title='bbox 1167 1924 1308 2006; x_wconf 83' lang='lat' dir='ltr'><strong>exempla</strong></span> <span class='ocrx_word' id='word_1_135' title='bbox 1317 1923 1452 2004; x_wconf 81' lang='lat' dir='ltr'><strong>quaedam</strong></span> 
     </span>
     <span class='ocr_line' id='line_1_17' title="bbox 360 2015 1180 2101; baseline -0.005 -17"><span class='ocrx_word' id='word_1_136' title='bbox 360 2017 586 2084; x_wconf 86' lang='lat' dir='ltr'><strong>exoratoribus</strong></span> <span class='ocrx_word' id='word_1_137' title='bbox 600 2015 687 2101; x_wconf 88' lang='lat' dir='ltr'><strong>ipsis,</strong></span> <span class='ocrx_word' id='word_1_138' title='bbox 702 2016 833 2099; x_wconf 84' lang='lat' dir='ltr'><strong>demptis</strong></span> <span class='ocrx_word' id='word_1_139' title='bbox 844 2016 1032 2093; x_wconf 88' lang='lat' dir='ltr'><strong>numinibus,</strong></span> <span class='ocrx_word' id='word_1_140' title='bbox 1045 2033 1180 2084; x_wconf 85' lang='lat' dir='ltr'><strong>retenta.</strong></span> 
     </span>
    </p>

    <p class='ocr_par' dir='ltr' id='par_1_3' title="bbox 357 2111 1456 3575">
     <span class='ocr_line' id='line_1_18' title="bbox 401 2111 1453 2193; baseline -0.004 -13"><span class='ocrx_word' id='word_1_141' title='bbox 401 2119 481 2180; x_wconf 89' lang='lat' dir='ltr'><strong>Nam</strong></span> <span class='ocrx_word' id='word_1_142' title='bbox 496 2111 648 2180; x_wconf 87' lang='lat' dir='ltr'><strong>notabiles</strong></span> <span class='ocrx_word' id='word_1_143' title='bbox 663 2114 847 2193; x_wconf 80' lang='lat' dir='ltr'><strong>eloquentiae</strong></span> <span class='ocrx_word' id='word_1_144' title='bbox 862 2113 1027 2193; x_wconf 78' lang='lat' dir='ltr'><strong>magistros</strong></span> <span class='ocrx_word' id='word_1_145' title='bbox 1047 2135 1111 2178; x_wconf 89' lang='lat' dir='ltr'><strong>non</strong></span> <span class='ocrx_word' id='word_1_146' title='bbox 1132 2113 1212 2178; x_wconf 90' lang='lat' dir='ltr'><strong>sicut</strong></span> <span class='ocrx_word' id='word_1_147' title='bbox 1221 2115 1368 2178; x_wconf 83' lang='lat' dir='ltr'><strong>metricos</strong></span> <span class='ocrx_word' id='word_1_148' title='bbox 1380 2113 1453 2176; x_wconf 88' lang='lat' dir='ltr'><strong>arti·</strong></span> 
     </span>
     <span class='ocr_line' id='line_1_19' title="bbox 357 2206 1453 2293; baseline 0.002 -19"><span class='ocrx_word' id='word_1_149' title='bbox 357 2213 433 2276; x_wconf 86' lang='lat' dir='ltr'><strong>fices</strong></span> <span class='ocrx_word' id='word_1_150' title='bbox 447 2213 589 2293; x_wconf 84' lang='lat' dir='ltr'><strong>exempla</strong></span> <span class='ocrx_word' id='word_1_151' title='bbox 601 2231 656 2284; x_wconf 85' lang='lat' dir='ltr'><strong>sua</strong></span> <span class='ocrx_word' id='word_1_152' title='bbox 672 2206 734 2271; x_wconf 89' lang='lat' dir='ltr'><strong>sibi</strong></span> <span class='ocrx_word' id='word_1_153' title='bbox 749 2207 958 2290; x_wconf 82' lang='lat' dir='ltr'><strong>ipsoslingere</strong></span> <span class='ocrx_word' id='word_1_154' title='bbox 972 2213 1120 2287; x_wconf 86' lang='lat' dir='ltr'><strong>videmus,</strong></span> <span class='ocrx_word' id='word_1_155' title='bbox 1137 2213 1191 2274; x_wconf 90' lang='lat' dir='ltr'><strong>sed</strong></span> <span class='ocrx_word' id='word_1_156' title='bbox 1205 2231 1243 2275; x_wconf 80' lang='lat' dir='ltr'><strong>ex</strong></span> <span class='ocrx_word' id='word_1_157' title='bbox 1257 2208 1453 2276; x_wconf 72' lang='lat' dir='ltr'><strong>verissume</strong></span> 
     </span>
     <span class='ocr_line' id='line_1_20' title="bbox 359 2309 1452 2388; baseline 0 -12"><span class='ocrx_word' id='word_1_158' title='bbox 359 2317 529 2376; x_wconf 78' lang='lat' dir='ltr'><strong>desumere.</strong></span> <span class='ocrx_word' id='word_1_159' title='bbox 546 2309 599 2376; x_wconf 87' lang='lat' dir='ltr'><strong>Sic</strong></span> <span class='ocrx_word' id='word_1_160' title='bbox 620 2311 730 2374; x_wconf 91' lang='lat' dir='ltr'><strong>Cicero</strong></span> <span class='ocrx_word' id='word_1_161' title='bbox 748 2309 782 2372; x_wconf 94' lang='lat' dir='ltr'><strong>in</strong></span> <span class='ocrx_word' id='word_1_162' title='bbox 797 2310 933 2374; x_wconf 87' lang='lat' dir='ltr'><strong>Oratore</strong></span> <span class='ocrx_word' id='word_1_163' title='bbox 953 2327 985 2374; x_wconf 91' lang='lat' dir='ltr'><strong>et</strong></span> <span class='ocrx_word' id='word_1_164' title='bbox 1000 2313 1079 2376; x_wconf 87' lang='lat' dir='ltr'><strong>libro</strong></span> <span class='ocrx_word' id='word_1_165' title='bbox 1094 2315 1141 2376; x_wconf 87' lang='lat' dir='ltr'><strong>De</strong></span> <span class='ocrx_word' id='word_1_166' title='bbox 1161 2326 1285 2376; x_wconf 90' lang='lat' dir='ltr'><strong>oratore</strong></span> <span class='ocrx_word' id='word_1_167' title='bbox 1306 2315 1452 2388; x_wconf 71' lang='lat' dir='ltr'><strong>secundm</strong></span> 
     </span>
     <span class='ocr_line' id='line_1_21' title="bbox 359 2410 1454 2497; baseline 0.002 -23"><span class='ocrx_word' id='word_1_168' title='bbox 359 2412 405 2476; x_wconf 89' lang='lat' dir='ltr'><strong>ita</strong></span> <span class='ocrx_word' id='word_1_169' title='bbox 418 2410 640 2497; x_wconf 84' lang='lat' dir='ltr'><strong>Quintilianus,</strong></span> <span class='ocrx_word' id='word_1_170' title='bbox 662 2411 847 2492; x_wconf 87' lang='lat' dir='ltr'><strong>ubicumque</strong></span> <span class='ocrx_word' id='word_1_171' title='bbox 870 2432 945 2496; x_wconf 85' lang='lat' dir='ltr'><strong>opus</strong></span> <span class='ocrx_word' id='word_1_172' title='bbox 959 2428 1015 2489; x_wconf 86' lang='lat' dir='ltr'><strong>est,</strong></span> <span class='ocrx_word' id='word_1_173' title='bbox 1038 2411 1192 2496; x_wconf 87' lang='lat' dir='ltr'><strong>imprimis</strong></span> <span class='ocrx_word' id='word_1_174' title='bbox 1210 2411 1300 2475; x_wconf 84' lang='lat' dir='ltr'><strong>libris</strong></span> <span class='ocrx_word' id='word_1_175' title='bbox 1318 2435 1401 2476; x_wconf 92' lang='lat' dir='ltr'><strong>nono</strong></span> <span class='ocrx_word' id='word_1_176' title='bbox 1422 2427 1454 2478; x_wconf 92' lang='lat' dir='ltr'><strong>et</strong></span> 
     </span>
     <span class='ocr_line' id='line_1_22' title="bbox 360 2511 1453 2598; baseline 0.002 -22"><span class='ocrx_word' id='word_1_177' title='bbox 360 2513 522 2578; x_wconf 88' lang='lat' dir='ltr'><strong>undecimo</strong></span> <span class='ocrx_word' id='word_1_178' title='bbox 535 2537 543 2589; x_wconf 83' lang='lat'>3</span> <span class='ocrx_word' id='word_1_179' title='bbox 560 2511 605 2576; x_wconf 88' lang='lat' dir='ltr'><strong>ita</strong></span> <span class='ocrx_word' id='word_1_180' title='bbox 626 2516 752 2578; x_wconf 80' lang='lat' dir='ltr'><strong>Senecae</strong></span> <span class='ocrx_word' id='word_1_181' title='bbox 767 2514 901 2576; x_wconf 90' lang='lat' dir='ltr'><strong>rhetoris</strong></span> <span class='ocrx_word' id='word_1_182' title='bbox 915 2529 1012 2578; x_wconf 88' lang='lat' dir='ltr'><strong>totum</strong></span> <span class='ocrx_word' id='word_1_183' title='bbox 1031 2535 1106 2598; x_wconf 90' lang='lat' dir='ltr'><strong>opus</strong></span> <span class='ocrx_word' id='word_1_184' title='bbox 1119 2516 1154 2578; x_wconf 90' lang='lat' dir='ltr'><strong>in</strong></span> <span class='ocrx_word' id='word_1_185' title='bbox 1166 2513 1217 2577; x_wconf 87' lang='lat' dir='ltr'><strong>his</strong></span> <span class='ocrx_word' id='word_1_186' title='bbox 1232 2513 1453 2596; x_wconf 73' lang='lat' dir='ltr'><strong>exemplis‘col·</strong></span> 
     </span>
     <span class='ocr_line' id='line_1_23' title="bbox 358 2609 1454 2695; baseline -0.002 -17"><span class='ocrx_word' id='word_1_187' title='bbox 358 2611 492 2693; x_wconf 80' lang='lat' dir='ltr'><strong>ligandis</strong></span> <span class='ocrx_word' id='word_1_188' title='bbox 509 2623 648 2685; x_wconf 83' lang='lat' dir='ltr'><strong>constat3</strong></span> <span class='ocrx_word' id='word_1_189' title='bbox 669 2624 704 2672; x_wconf 90' lang='lat' dir='ltr'><strong>ut</strong></span> <span class='ocrx_word' id='word_1_190' title='bbox 723 2612 898 2685; x_wconf 85' lang='lat' dir='ltr'><strong>rhetorem,</strong></span> <span class='ocrx_word' id='word_1_191' title='bbox 927 2609 979 2692; x_wconf 92' lang='lat' dir='ltr'><strong>qui</strong></span> <span class='ocrx_word' id='word_1_192' title='bbox 993 2614 1032 2674; x_wconf 83' lang='lat' dir='ltr'><strong>ad</strong></span> <span class='ocrx_word' id='word_1_193' title='bbox 1052 2609 1243 2675; x_wconf 88' lang='lat' dir='ltr'><strong>Herennium</strong></span> <span class='ocrx_word' id='word_1_194' title='bbox 1264 2609 1407 2695; x_wconf 87' lang='lat' dir='ltr'><strong>scr-ipsit,</strong></span> <span class='ocrx_word' id='word_1_195' title='bbox 1435 2631 1454 2676; x_wconf 88' lang='lat' dir='ltr'><strong>a</strong></span> 
     </span>
     <span class='ocr_line' id='line_1_24' title="bbox 360 2705 1454 2791; baseline 0 -19"><span class='ocrx_word' id='word_1_196' title='bbox 360 2731 446 2774; x_wconf 91' lang='lat' dir='ltr'><strong>more</strong></span> <span class='ocrx_word' id='word_1_197' title='bbox 457 2705 612 2774; x_wconf 85' lang='lat' dir='ltr'><strong>communi</strong></span> <span class='ocrx_word' id='word_1_198' title='bbox 629 2708 793 2770; x_wconf 86' lang='lat' dir='ltr'><strong>descivisse</strong></span> <span class='ocrx_word' id='word_1_199' title='bbox 811 2715 961 2790; x_wconf 87' lang='lat' dir='ltr'><strong>oporteat,</strong></span> <span class='ocrx_word' id='word_1_200' title='bbox 978 2707 1005 2770; x_wconf 89' lang='lat' dir='ltr'><strong>si</strong></span> <span class='ocrx_word' id='word_1_201' title='bbox 1029 2711 1068 2770; x_wconf 88' lang='lat' dir='ltr'><strong>ad</strong></span> <span class='ocrx_word' id='word_1_202' title='bbox 1082 2729 1177 2772; x_wconf 87' lang='lat' dir='ltr'><strong>unum</strong></span> <span class='ocrx_word' id='word_1_203' title='bbox 1191 2711 1296 2772; x_wconf 84' lang='lat' dir='ltr'><strong>omnia</strong></span> <span class='ocrx_word' id='word_1_204' title='bbox 1316 2710 1454 2791; x_wconf 85' lang='lat' dir='ltr'><strong>exempla</strong></span> 
     </span>
     <span class='ocr_line' id='line_1_25' title="bbox 362 2805 1455 2893; baseline -0.002 -21"><span class='ocrx_word' id='word_1_205' title='bbox 362 2811 401 2872; x_wconf 88' lang='lat' dir='ltr'><strong>ab</strong></span> <span class='ocrx_word' id='word_1_206' title='bbox 415 2809 511 2893; x_wconf 90' lang='lat' dir='ltr'><strong>ipsius</strong></span> <span class='ocrx_word' id='word_1_207' title='bbox 532 2806 657 2888; x_wconf 80' lang='lat' dir='ltr'><strong>ingenio</strong></span> <span class='ocrx_word' id='word_1_208' title='bbox 679 2808 818 2888; x_wconf 84' lang='lat' dir='ltr'><strong>prolecta</strong></span> <span class='ocrx_word' id='word_1_209' title='bbox 843 2805 991 2870; x_wconf 88' lang='lat' dir='ltr'><strong>dicamus.</strong></span> <span class='ocrx_word' id='word_1_210' title='bbox 1018 2809 1098 2870; x_wconf 88' lang='lat' dir='ltr'><strong>Nam</strong></span> <span class='ocrx_word' id='word_1_211' title='bbox 1115 2806 1228 2870; x_wconf 82' lang='lat' dir='ltr'><strong>infimae</strong></span> <span class='ocrx_word' id='word_1_212' title='bbox 1248 2808 1345 2870; x_wconf 86' lang='lat' dir='ltr'><strong>solum</strong></span> <span class='ocrx_word' id='word_1_213' title='bbox 1358 2806 1455 2870; x_wconf 83' lang='lat' dir='ltr'><strong>setatis</strong></span> 
     </span>
     <span class='ocr_line' id='line_1_26' title="bbox 360 2901 1451 2988; baseline -0.002 -22"><span class='ocrx_word' id='word_1_214' title='bbox 360 2905 585 2980; x_wconf 64' lang='lat' dir='ltr'><strong>ververationem</strong></span> <span class='ocrx_word' id='word_1_215' title='bbox 613 2901 750 2978; x_wconf 85' lang='lat' dir='ltr'><strong>faciunt,</strong></span> <span class='ocrx_word' id='word_1_216' title='bbox 780 2918 813 2965; x_wconf 89' lang='lat' dir='ltr'><strong>ut</strong></span> <span class='ocrx_word' id='word_1_217' title='bbox 836 2901 998 2984; x_wconf 89' lang='lat' dir='ltr'><strong>Emporius</strong></span> <span class='ocrx_word' id='word_1_218' title='bbox 1023 2905 1132 2966; x_wconf 87' lang='lat' dir='ltr'><strong>rhetor</strong></span> <span class='ocrx_word' id='word_1_219' title='bbox 1156 2903 1238 2986; x_wconf 86' lang='lat' dir='ltr'><strong>apud</strong></span> <span class='ocrx_word' id='word_1_220' title='bbox 1255 2904 1451 2988; x_wconf 90' lang='lat' dir='ltr'><strong>Capperonn.</strong></span> 
     </span>
     <span class='ocr_line' id='line_1_27' title="bbox 360 2998 1456 3084; baseline -0.002 -18"><span class='ocrx_word' id='word_1_221' title='bbox 360 3005 466 3066; x_wconf 87' lang='lat' dir='ltr'><strong>Rhett.</strong></span> <span class='ocrx_word' id='word_1_222' title='bbox 482 3024 513 3084; x_wconf 92' lang='lat' dir='ltr'><strong>p.</strong></span> <span class='ocrx_word' id='word_1_223' title='bbox 532 3003 604 3073; x_wconf 81' lang='lat'>303,</span> <span class='ocrx_word' id='word_1_224' title='bbox 621 3015 654 3062; x_wconf 90' lang='lat' dir='ltr'><strong>et</strong></span> <span class='ocrx_word' id='word_1_225' title='bbox 670 2998 824 3064; x_wconf 85' lang='lat' dir='ltr'><strong>Priscian.</strong></span> <span class='ocrx_word' id='word_1_226' title='bbox 847 3003 983 3080; x_wconf 86' lang='lat' dir='ltr'><strong>Praepar.</strong></span> <span class='ocrx_word' id='word_1_227' title='bbox 1007 3002 1103 3064; x_wconf 88' lang='lat' dir='ltr'><strong>rhett.</strong></span> <span class='ocrx_word' id='word_1_228' title='bbox 1124 3021 1156 3082; x_wconf 91' lang='lat' dir='ltr'><strong>p.</strong></span> <span class='ocrx_word' id='word_1_229' title='bbox 1184 3003 1256 3074; x_wconf 83' lang='lat'>359,</span> <span class='ocrx_word' id='word_1_230' title='bbox 1272 2998 1456 3066; x_wconf 83' lang='lat' dir='ltr'><strong>vetustiores</strong></span> 
     </span>
     <span class='ocr_line' id='line_1_28' title="bbox 361 3092 1455 3181; baseline 0.002 -22"><span class='ocrx_word' id='word_1_231' title='bbox 361 3113 463 3160; x_wconf 89' lang='lat' dir='ltr'><strong>antem</strong></span> <span class='ocrx_word' id='word_1_232' title='bbox 475 3110 507 3160; x_wconf 92' lang='lat' dir='ltr'><strong>et</strong></span> <span class='ocrx_word' id='word_1_233' title='bbox 520 3093 699 3170; x_wconf 84' lang='lat' dir='ltr'><strong>nobiliores,</strong></span> <span class='ocrx_word' id='word_1_234' title='bbox 715 3109 750 3158; x_wconf 90' lang='lat' dir='ltr'><strong>ut</strong></span> <span class='ocrx_word' id='word_1_235' title='bbox 762 3092 896 3164; x_wconf 87' lang='lat' dir='ltr'><strong>Rutilius</strong></span> <span class='ocrx_word' id='word_1_236' title='bbox 907 3097 1024 3176; x_wconf 89' lang='lat' dir='ltr'><strong>Lupus,</strong></span> <span class='ocrx_word' id='word_1_237' title='bbox 1042 3097 1166 3160; x_wconf 72' lang='lat' dir='ltr'><strong>nunnbi</strong></span> <span class='ocrx_word' id='word_1_238' title='bbox 1186 3117 1256 3161; x_wconf 79' lang='lat' dir='ltr'><strong>etum</strong></span> <span class='ocrx_word' id='word_1_239' title='bbox 1268 3099 1349 3180; x_wconf 90' lang='lat' dir='ltr'><strong>apud</strong></span> <span class='ocrx_word' id='word_1_240' title='bbox 1359 3099 1455 3181; x_wconf 74' lang='lat' dir='ltr'><strong>potio</strong></span> 
     </span>
     <span class='ocr_line' id='line_1_29' title="bbox 361 3185 1456 3271; baseline -0.002 -15"><span class='ocrx_word' id='word_1_241' title='bbox 361 3214 413 3256; x_wconf 89' lang='lat' dir='ltr'><strong>res</strong></span> <span class='ocrx_word' id='word_1_242' title='bbox 440 3204 582 3258; x_wconf 86' lang='lat' dir='ltr'><strong>auctores</strong></span> <span class='ocrx_word' id='word_1_243' title='bbox 601 3185 675 3252; x_wconf 86' lang='lat' dir='ltr'><strong>satis</strong></span> <span class='ocrx_word' id='word_1_244' title='bbox 701 3201 771 3271; x_wconf 90' lang='lat' dir='ltr'><strong>apta</strong></span> <span class='ocrx_word' id='word_1_245' title='bbox 791 3211 854 3252; x_wconf 92' lang='lat' dir='ltr'><strong>non</strong></span> <span class='ocrx_word' id='word_1_246' title='bbox 877 3187 1092 3263; x_wconf 86' lang='lat' dir='ltr'><strong>inveniebant.</strong></span> <span class='ocrx_word' id='word_1_247' title='bbox 1111 3190 1233 3256; x_wconf 89' lang='lat' dir='ltr'><strong>Deinde</strong></span> <span class='ocrx_word' id='word_1_248' title='bbox 1252 3212 1314 3256; x_wconf 91' lang='lat' dir='ltr'><strong>non</strong></span> <span class='ocrx_word' id='word_1_249' title='bbox 1333 3191 1456 3257; x_wconf 87' lang='lat' dir='ltr'><strong>difficile</strong></span> 
     </span>
     <span class='ocr_line' id='line_1_30' title="bbox 362 3282 1456 3360; baseline 0.002 -10"><span class='ocrx_word' id='word_1_250' title='bbox 362 3291 453 3350; x_wconf 91' lang='lat' dir='ltr'><strong>modo</strong></span> <span class='ocrx_word' id='word_1_251' title='bbox 483 3297 580 3360; x_wconf 82' lang='lat' dir='ltr'><strong>erat„</strong></span> <span class='ocrx_word' id='word_1_252' title='bbox 595 3287 649 3347; x_wconf 88' lang='lat' dir='ltr'><strong>sed</strong></span> <span class='ocrx_word' id='word_1_253' title='bbox 674 3282 827 3347; x_wconf 90' lang='lat' dir='ltr'><strong>lubricum</strong></span> <span class='ocrx_word' id='word_1_254' title='bbox 846 3287 950 3348; x_wconf 88' lang='lat' dir='ltr'><strong>etiam.</strong></span> <span class='ocrx_word' id='word_1_255' title='bbox 986 3290 1065 3350; x_wconf 89' lang='lat' dir='ltr'><strong>Nam</strong></span> <span class='ocrx_word' id='word_1_256' title='bbox 1090 3286 1245 3352; x_wconf 86' lang='lat' dir='ltr'><strong>simulatio</strong></span> <span class='ocrx_word' id='word_1_257' title='bbox 1274 3289 1456 3354; x_wconf 69' lang='lat' dir='ltr'><strong>declamata</strong></span> 
     </span>
     <span class='ocr_line' id='line_1_31' title="bbox 362 3385 1456 3472; baseline 0.002 -22"><span class='ocrx_word' id='word_1_258' title='bbox 362 3411 432 3452; x_wconf 86' lang='lat' dir='ltr'><strong>rum</strong></span> <span class='ocrx_word' id='word_1_259' title='bbox 446 3411 465 3452; x_wconf 89' lang='lat' dir='ltr'><strong>a</strong></span> <span class='ocrx_word' id='word_1_260' title='bbox 477 3385 608 3448; x_wconf 89' lang='lat' dir='ltr'><strong>lorensis</strong></span> <span class='ocrx_word' id='word_1_261' title='bbox 628 3385 767 3448; x_wconf 80' lang='lat' dir='ltr'><strong>veritatis</strong></span> <span class='ocrx_word' id='word_1_262' title='bbox 786 3385 897 3458; x_wconf 72' lang='grc' dir='ltr'><strong>ἐναργείᾳ</strong></span> <span class='ocrx_word' id='word_1_263' title='bbox 911 3401 943 3448; x_wconf 90' lang='lat' dir='ltr'><strong>et</strong></span> <span class='ocrx_word' id='word_1_264' title='bbox 963 3385 1158 3452; x_wconf 72' lang='lat' dir='ltr'><strong>vehementia</strong></span> <span class='ocrx_word' id='word_1_265' title='bbox 1179 3388 1270 3468; x_wconf 80' lang='lat' dir='ltr'><strong>longe</strong></span> <span class='ocrx_word' id='word_1_266' title='bbox 1295 3401 1456 3472; x_wconf 85' lang='lat' dir='ltr'><strong>superatur</strong></span> 
     </span>
     <span class='ocr_line' id='line_1_32' title="bbox 364 3484 1456 3575; baseline -0.002 -23"><span class='ocrx_word' id='word_1_267' title='bbox 364 3485 517 3575; x_wconf 88' lang='lat' dir='ltr'><strong>(Quintil.</strong></span> <span class='ocrx_word' id='word_1_268' title='bbox 535 3487 575 3562; x_wconf 89' lang='lat' dir='ltr'><strong>X,</strong></span> <span class='ocrx_word' id='word_1_269' title='bbox 593 3488 623 3561; x_wconf 82' lang='lat'><strong>2,</strong></span> <span class='ocrx_word' id='word_1_270' title='bbox 639 3484 983 3570; x_wconf 60' lang='lat' dir='ltr'><strong>elemosmarum</strong></span> <span class='ocrx_word' id='word_1_271' title='bbox 994 3501 1130 3551; x_wconf 87' lang='lat' dir='ltr'><strong>mentem</strong></span> <span class='ocrx_word' id='word_1_272' title='bbox 1140 3486 1250 3552; x_wconf 77' lang='lat' dir='ltr'><strong>uenire</strong></span> <span class='ocrx_word' id='word_1_273' title='bbox 1264 3503 1406 3572; x_wconf 85' lang='lat' dir='ltr'><strong>poterat,</strong></span> <span class='ocrx_word' id='word_1_274' title='bbox 1422 3501 1456 3552; x_wconf 90' lang='lat' dir='ltr'><strong>ut</strong></span> 
     </span>
    </p>
   </div>
   <div class='ocr_carea' id='block_1_3' title="bbox 253 3583 1456 4262">
    <p class='ocr_par' dir='ltr' id='par_1_4' title="bbox 253 3583 1456 4262">
     <span class='ocr_line' id='line_1_33' title="bbox 253 3583 1454 3675; baseline 0.002 -27"><span class='ocrx_word' id='word_1_275' title='bbox 253 3666 256 3675; x_wconf 29' lang='grc'>1</span> <span class='ocrx_word' id='word_1_276' title='bbox 361 3588 496 3650; x_wconf 83' lang='lat' dir='ltr'><strong>fictailla</strong></span> <span class='ocrx_word' id='word_1_277' title='bbox 507 3583 646 3666; x_wconf 86' lang='lat' dir='ltr'><strong>exempla</strong></span> <span class='ocrx_word' id='word_1_278' title='bbox 666 3603 736 3644; x_wconf 90' lang='lat' dir='ltr'><strong>cnm</strong></span> <span class='ocrx_word' id='word_1_279' title='bbox 749 3583 834 3644; x_wconf 87' lang='lat' dir='ltr'><strong>veris</strong></span> <span class='ocrx_word' id='word_1_280' title='bbox 847 3597 1074 3666; x_wconf 86' lang='lat' dir='ltr'><strong>compararent.</strong></span> <span class='ocrx_word' id='word_1_281' title='bbox 1092 3588 1192 3650; x_wconf 88' lang='lat' dir='ltr'><strong>Porro</strong></span> <span class='ocrx_word' id='word_1_282' title='bbox 1207 3586 1290 3668; x_wconf 88' lang='lat' dir='ltr'><strong>justo</strong></span> <span class='ocrx_word' id='word_1_283' title='bbox 1309 3607 1454 3667; x_wconf 77' lang='lat' dir='ltr'><strong>arrogan-</strong></span> 
     </span>
     <span class='ocr_line' id='line_1_34' title="bbox 362 3679 1452 3770; baseline 0 -22"><span class='ocrx_word' id='word_1_284' title='bbox 362 3686 425 3750; x_wconf 91' lang='lat' dir='ltr'><strong>tior</strong></span> <span class='ocrx_word' id='word_1_285' title='bbox 435 3700 543 3748; x_wconf 86' lang='lat' dir='ltr'><strong>auctor</strong></span> <span class='ocrx_word' id='word_1_286' title='bbox 559 3696 628 3746; x_wconf 89' lang='lat' dir='ltr'><strong>erat</strong></span> <span class='ocrx_word' id='word_1_287' title='bbox 642 3683 772 3756; x_wconf 85' lang='lat' dir='ltr'><strong>futurus,</strong></span> <span class='ocrx_word' id='word_1_288' title='bbox 797 3679 824 3744; x_wconf 90' lang='lat' dir='ltr'><strong>si</strong></span> <span class='ocrx_word' id='word_1_289' title='bbox 837 3680 1105 3747; x_wconf 88' lang='lat' dir='ltr'><strong>sermocinationis</strong></span> <span class='ocrx_word' id='word_1_290' title='bbox 1119 3686 1201 3765; x_wconf 86' lang='lat' dir='ltr'><strong>quod</strong></span> <span class='ocrx_word' id='word_1_291' title='bbox 1213 3689 1386 3770; x_wconf 83' lang='lat' dir='ltr'><strong>exemplum</strong></span> <span class='ocrx_word' id='word_1_292' title='bbox 1403 3689 1452 3748; x_wconf 88' lang='lat' dir='ltr'><strong>de·</strong></span> 
     </span>
     <span class='ocr_line' id='line_1_35' title="bbox 362 3783 1455 3865; baseline 0.002 -19"><span class='ocrx_word' id='word_1_293' title='bbox 362 3787 409 3848; x_wconf 88' lang='lat' dir='ltr'><strong>dit</strong></span> <span class='ocrx_word' id='word_1_294' title='bbox 420 3788 474 3860; x_wconf 87' lang='lat' dir='ltr'><strong>lV,</strong></span> <span class='ocrx_word' id='word_1_295' title='bbox 492 3787 531 3848; x_wconf 77' lang='lat'><strong>52</strong></span> <span class='ocrx_word' id='word_1_296' title='bbox 543 3783 606 3846; x_wconf 87' lang='lat' dir='ltr'><strong>fine</strong></span> <span class='ocrx_word' id='word_1_297' title='bbox 621 3830 629 3858; x_wconf 90' lang='lat'>,</span> <span class='ocrx_word' id='word_1_298' title='bbox 644 3803 663 3844; x_wconf 91' lang='lat' dir='ltr'><strong>a</strong></span> <span class='ocrx_word' id='word_1_299' title='bbox 676 3801 709 3844; x_wconf 87' lang='lat' dir='ltr'><strong>se</strong></span> <span class='ocrx_word' id='word_1_300' title='bbox 718 3783 879 3844; x_wconf 88' lang='lat' dir='ltr'><strong>inventum</strong></span> <span class='ocrx_word' id='word_1_301' title='bbox 889 3795 1051 3865; x_wconf 82' lang='lat' dir='ltr'><strong>tantopere</strong></span> <span class='ocrx_word' id='word_1_302' title='bbox 1072 3783 1224 3848; x_wconf 84' lang='lat' dir='ltr'><strong>laudaret.</strong></span> <span class='ocrx_word' id='word_1_303' title='bbox 1240 3788 1347 3852; x_wconf 89' lang='lat' dir='ltr'><strong>Genus</strong></span> <span class='ocrx_word' id='word_1_304' title='bbox 1361 3784 1455 3850; x_wconf 86' lang='lat' dir='ltr'><strong>etiam</strong></span> 
     </span>
     <span class='ocr_line' id='line_1_36' title="bbox 364 3881 1456 3966; baseline 0.002 -20"><span class='ocrx_word' id='word_1_305' title='bbox 364 3885 515 3948; x_wconf 87' lang='lat' dir='ltr'><strong>sermonis</strong></span> <span class='ocrx_word' id='word_1_306' title='bbox 541 3884 622 3947; x_wconf 89' lang='lat' dir='ltr'><strong>inest</strong></span> <span class='ocrx_word' id='word_1_307' title='bbox 642 3901 765 3964; x_wconf 88' lang='lat' dir='ltr'><strong>prorsus</strong></span> <span class='ocrx_word' id='word_1_308' title='bbox 776 3882 950 3957; x_wconf 70' lang='lat' dir='ltr'><strong>diversum</strong></span> <span class='ocrx_word' id='word_1_309' title='bbox 976 3881 1131 3966; x_wconf 85' lang='lat' dir='ltr'><strong>antiquius</strong></span> <span class='ocrx_word' id='word_1_310' title='bbox 1144 3897 1230 3946; x_wconf 83' lang='lat' dir='ltr'><strong>certe</strong></span> <span class='ocrx_word' id='word_1_311' title='bbox 1249 3885 1282 3948; x_wconf 91' lang='lat' dir='ltr'><strong>in</strong></span> <span class='ocrx_word' id='word_1_312' title='bbox 1300 3882 1456 3950; x_wconf 78' lang='lat' dir='ltr'><strong>nonnullis</strong></span> 
     </span>
     <span class='ocr_line' id='line_1_37' title="bbox 365 3979 1456 4062; baseline -0.002 -17"><span class='ocrx_word' id='word_1_313' title='bbox 365 3995 398 4045; x_wconf 90' lang='lat' dir='ltr'><strong>et</strong></span> <span class='ocrx_word' id='word_1_314' title='bbox 412 3983 618 4062; x_wconf 87' lang='lat' dir='ltr'><strong>incomptum,</strong></span> <span class='ocrx_word' id='word_1_315' title='bbox 640 3979 826 4042; x_wconf 89' lang='lat' dir='ltr'><strong>inurbanum</strong></span> <span class='ocrx_word' id='word_1_316' title='bbox 849 3981 935 4054; x_wconf 87' lang='lat' dir='ltr'><strong>adeo,</strong></span> <span class='ocrx_word' id='word_1_317' title='bbox 954 3983 1062 4057; x_wconf 86' lang='lat' dir='ltr'><strong>mlv,</strong></span> <span class='ocrx_word' id='word_1_318' title='bbox 1088 3983 1139 4056; x_wconf 81' lang='lat'><strong>37,</strong></span> <span class='ocrx_word' id='word_1_319' title='bbox 1159 3995 1229 4044; x_wconf 86' lang='lat' dir='ltr'><strong>eta</strong></span> <span class='ocrx_word' id='word_1_320' title='bbox 1252 3981 1456 4046; x_wconf 76' lang='lat' dir='ltr'><strong>Ciceroniana</strong></span> 
     </span>
     <span class='ocr_line' id='line_1_38' title="bbox 365 4077 1456 4162; baseline -0.002 -20"><span class='ocrx_word' id='word_1_321' title='bbox 365 4099 438 4142; x_wconf 86' lang='lat' dir='ltr'><strong>sane</strong></span> <span class='ocrx_word' id='word_1_322' title='bbox 458 4080 560 4140; x_wconf 89' lang='lat' dir='ltr'><strong>nitore</strong></span> <span class='ocrx_word' id='word_1_323' title='bbox 580 4077 735 4140; x_wconf 89' lang='lat' dir='ltr'><strong>remotius.</strong></span> <span class='ocrx_word' id='word_1_324' title='bbox 752 4077 893 4157; x_wconf 88' lang='lat' dir='ltr'><strong>Denique</strong></span> <span class='ocrx_word' id='word_1_325' title='bbox 909 4098 1014 4152; x_wconf 88' lang='lat' dir='ltr'><strong>unum,</strong></span> <span class='ocrx_word' id='word_1_326' title='bbox 1034 4092 1072 4140; x_wconf 89' lang='lat' dir='ltr'><strong>-et</strong></span> <span class='ocrx_word' id='word_1_327' title='bbox 1090 4080 1213 4160; x_wconf 89' lang='lat' dir='ltr'><strong>quidem</strong></span> <span class='ocrx_word' id='word_1_328' title='bbox 1231 4078 1378 4146; x_wconf 86' lang='lat' dir='ltr'><strong>Curionis</strong></span> <span class='ocrx_word' id='word_1_329' title='bbox 1399 4099 1456 4162; x_wconf 88' lang='lat' dir='ltr'><strong>pro</strong></span> 
     </span>
     <span class='ocr_line' id='line_1_39' title="bbox 364 4174 1456 4262; baseline -0.002 -18"><span class='ocrx_word' id='word_1_330' title='bbox 364 4177 475 4245; x_wconf 83' lang='lat' dir='ltr'><strong>Servio</strong></span> <span class='ocrx_word' id='word_1_331' title='bbox 490 4174 597 4240; x_wconf 88' lang='lat' dir='ltr'><strong>Fulvio</strong></span> <span class='ocrx_word' id='word_1_332' title='bbox 606 4179 643 4240; x_wconf 89' lang='lat' dir='ltr'><strong>dc</strong></span> <span class='ocrx_word' id='word_1_333' title='bbox 656 4175 775 4240; x_wconf 88' lang='lat' dir='ltr'><strong>incestu</strong></span> <span class='ocrx_word' id='word_1_334' title='bbox 789 4177 962 4262; x_wconf 85' lang='lat' dir='ltr'><strong>exemplum</strong></span> <span class='ocrx_word' id='word_1_335' title='bbox 974 4177 1067 4242; x_wconf 87' lang='lat' dir='ltr'><strong>habet</strong></span> <span class='ocrx_word' id='word_1_336' title='bbox 1084 4181 1199 4246; x_wconf 81' lang='lat' dir='ltr'><strong>ductor</strong></span> <span class='ocrx_word' id='word_1_337' title='bbox 1209 4182 1249 4258; x_wconf 88' lang='lat'><strong>11,</strong></span> <span class='ocrx_word' id='word_1_338' title='bbox 1264 4181 1325 4256; x_wconf 71' lang='lat'><strong>203</strong></span> <span class='ocrx_word' id='word_1_339' title='bbox 1341 4198 1456 4246; x_wconf 87' lang='lat' dir='ltr'><strong>nomen</strong></span> 
     </span>
    </p>
   </div>
   <div class='ocr_carea' id='block_1_4' title="bbox 0 0 1661 5344">
    <p class='ocr_par' dir='ltr' id='par_1_5' title="bbox 0 0 1661 5344">
     <span class='ocr_line' id='line_1_40' title="bbox 0 0 1661 5344; baseline 0 0"><span class='ocrx_word' id='word_1_340' title='bbox 0 0 1661 5344; x_wconf 95' lang='lat' dir='ltr'><strong> </strong></span> 
     </span>
    </p>
   </div>
  </div>
 </body>
</html>
