3200 5344
870 429 946 502 220

623 667 758 742 Xlllll.
786 669 832 763 Q.
847 671 1042 768 Pompeius
1059 673 1197 767 Nepos.

398 877 493 938 Brut.
507 897 537 938 c.
557 877 610 951 25,
627 879 667 940 96
679 849 744 958 :⁰Q.
757 874 921 959 Pompeius
935 895 999 940 nou
1013 887 1208 960 contemptus
1221 892 1331 942 orator
1343 893 1467 964 tempo·

355 971 443 1035 ribus
456 971 519 1034 illis
531 970 601 1046 init,
617 973 673 1056 qni
683 993 817 1038 summos
829 973 965 1036 bonores
978 973 1070 1037 homo
1089 993 1149 1056 per
1171 995 1205 1038 se
1224 976 1378 1056 cognitus,
1394 979 1469 1042 sine

355 1071 418 1132 ulla
432 1069 701 1134 commendatione
715 1070 869 1154 majorum
883 1082 931 1133 est
946 1073 1087 1154 adeptus.
1103 1065 1181 1134 Tum
1195 1074 1232 1136 L.
1244 1069 1370 1137 Cassius
1384 1076 1465 1138 mul·

356 1184 421 1232 tum
444 1173 564 1254 potuit,
592 1190 656 1233 non
675 1172 875 1254 eloquentia,
903 1173 958 1234 sed
982 1173 1117 1235 diceudo
1138 1185 1287 1258 Acumen...
1313 1185 1380 1237 tum
1404 1177 1468 1240 duo

356 1265 517 1352 Caepiones
538 1267 669 1336 multum
691 1267 822 1331 clientes
838 1269 970 1331 coneilio¹
992 1281 1025 1331 et
1045 1266 1163 1349 lingua,
1187 1271 1257 1353 plus
1277 1271 1468 1335 anctoritate

355 1376 460 1431 tamen
484 1379 516 1431 et
536 1363 640 1448 gratia
661 1364 878 1430 sublevabant.
903 1366 966 1430 Sed
983 1359 1136 1446 Pompeii
1159 1381 1228 1428 sunt
1249 1373 1382 1448 scripto,
1409 1389 1469 1430 nec

356 1468 452 1525 nimis
471 1477 653 1534 ertemtato,
675 1483 859 1548 quamquam
872 1477 1012 1523 veterum
1028 1464 1149 1524 similis
1162 1479 1225 1538 est,
1241 1479 1272 1524 et
1282 1467 1382 1544 plerza
1392 1487 1467 1545 pru-

356 1564 480 1625 dentice.
532 1589 534 1596 ·

393 1703 449 1758 Sed
459 1703 599 1774 Pompeii]
620 1703 702 1757 sicin
715 1703 811 1757 Orellii
827 1701 970 1757 novissima
987 1701 1052 1755 edit.
1068 1703 1145 1756 Bruti
1162 1701 1243 1756 lectio
1259 1715 1303 1756 est
1319 1702 1468 1756 constituta

429 1785 623 1852 [consentiente
639 1787 846 1840 woutermanno
862 1803 891 1856 p.
902 1785 960 1855 81].
983 1783 1103 1849 Ellendt.
1119 1773 1185 1858 legit
1201 1797 1293 1839 contra
1313 1783 1392 1838 codd.
1411 1787 1468 1840 Sed

431 1867 527 1940 Quini
543 1881 603 1920 sunt
619 1867 758 1941 scriptu‚i.
769 1886 794 1921 e.
806 1869 841 1937 Q.
851 1867 995 1938 capionis,
1012 1865 1046 1919 de
1064 1862 1143 1937 cujus
1161 1878 1241 1920 oratt.
1260 1865 1332 1919 inire
1351 1866 1467 1920 dicetur.

428 1954 522 2021 [Cone.
532 1965 589 2007 erut
597 1973 623 2007 a.
634 1956 668 2007 U.
678 1947 754 2022 dii-1

258 2153 260 2156 ¹
404 2071 639 2164 [Fragmentum
657 2075 725 2159 ejus
744 2091 894 2160 quantum
907 2077 1022 2140 scimus
1036 2075 1163 2140 unicum
1178 2073 1285 2139 omisit
1300 2077 1461 2162 Meyerus.

358 2175 513 2238 Priscian.
526 2177 617 2251 Vlll,
630 2175 662 2250 t,
674 2191 705 2256 p.
719 2173 792 2237 stt:
809 2173 850 2257 Q.
863 2173 1046 2256 Pompeius:
1059 2173 1116 2234 Mo
1129 2177 1291 2247 miserum,
1300 2181 1391 2258 quem
1402 2175 1466 2236 illoe

349 2261 484 2353 ferndum
496 2275 650 2352 despicart'
659 2295 746 2335 ausoe
758 2289 838 2347 swrt,
851 2275 994 2353 despicor
1003 2292 1167 2339 commuue
1178 2267 1385 2362 accipiebat]
1411 2367 1415 2380 ¹

656 2460 791 2531 xxiv.
817 2460 860 2531 C.
878 2461 1057 2549 Fannius,
1070 2460 1114 2532 C.
1129 2465 1168 2533 F.

404 2667 473 2732 Cic.
493 2667 583 2730 Brut.
603 2685 631 2727 c.
652 2667 706 2740 26,
727 2669 786 2732 99:
805 2667 845 2742 ls,
865 2665 919 2748 qui
933 2669 1039 2731 consul
1054 2689 1124 2730 cum
1139 2667 1278 2732 Domitio
1293 2668 1362 2740 tuit,
1379 2688 1468 2726 unam

361 2767 529 2826 orationem
544 2766 582 2824 de
599 2767 693 2826 sactu
709 2777 740 2825 et
759 2767 885 2823 nomine
896 2763 1005 2825 Laetito
1021 2779 1126 2825 contra
1138 2763 1314 2826 Gracchum
1330 2761 1467 2846 reliquit,

362 2883 438 2928 sane
459 2876 492 2926 et
511 2863 625 2926 bonam
639 2874 672 2926 et
687 2861 834 2926 nobilem.
850 2861 1085 2924 Tum'dtticns:
1102 2860 1186 2942 Quid
1199 2860 1300 2944 ergo?
1320 2877 1403 2922 estne
1423 2867 1464 2922 ito

362 2959 482 3018 Fannii
490 2955 507 3016 2
522 2977 593 3020 nam
608 2958 698 3022 varia
711 2953 819 3040 opinio
839 2957 945 3040 pneris
964 2956 1055 3020 nobis
1073 2973 1154 3020 erat.
1178 2955 1242 3018 Atii
1255 2979 1276 3016 a
1291 2956 1326 3018 C.
1339 2954 1462 3030 Persio,

362 3057 483 3116 literato
492 3055 627 3130 bomine,
636 3059 783 3134 scribtam
796 3075 865 3116 esse
878 3053 1019 3136 aiebant,
1029 3057 1095 3132 illo,
1105 3075 1199 3137 quem
1211 3053 1371 3136 significat
1379 3055 1467 3117 valde

270 3179 337 3251 110
362 3157 487 3220 doctam
506 3173 574 3217 csse
588 3155 745 3232 Lucilius3
764 3152 820 3216 alii
834 3155 946 3218 nultos
960 3155 1092 3232 nobiles,
1108 3159 1196 3238 quod
1207 3157 1338 3239 quisque
1351 3156 1465 3238 potuis·

362 3267 422 3328 set,
442 3251 581 3317 inillam
602 3255 776 3330 orationem
798 3255 977 3319 contulisse.
992 3257 1077 3318 'lium
1098 3275 1174 3337 ego:
1190 3256 1306 3320 Audiri
1325 3257 1464 3337 equidem

361 3351 433 3426 ista,
454 3343 656 3434 inquamsoe
672 3348 844 3433 majorinus
858 3365 945 3423 natu,
959 3354 1014 3416 sed
1034 3373 1201 3438 numquam
1219 3371 1286 3415 sum
1306 3354 1462 3424 adductus,

362 3465 397 3514 ut
410 3451 728 3542 crederemeamque
749 3450 957 3536 suspicionem
977 3466 1107 3536 propter
1126 3453 1208 3516 hanc
1227 3471 1354 3516 causam
1374 3454 1467 3514 credo

361 3551 472 3652 luisse,
496 3543 737 3638 quod'Fannius
760 3557 793 3610 in
816 3551 1022 3616 mediocribus
1045 3553 1213 3614 oratoribus
1232 3547 1354 3614 habitus
1374 3568 1466 3626 esset,

365 3657 466 3714 oratio
482 3667 587 3712 autern
607 3650 793 3730 vel‘optima
814 3665 895 3710 esset
916 3651 977 3712 illo·
990 3653 1116 3736 quidem
1136 3667 1277 3732 tempore
1296 3657 1467 3736 orationum

365 3753 517 3812 omnium.
538 3749 599 3813 Sed
613 3767 673 3810 nec
686 3747 837 3832 ejusmodi
850 3759 907 3823 cst,
926 3759 961 3808 nt
976 3768 994 3809 a
1008 3747 1148 3830 pluribus
1163 3747 1290 3810 coniusa
1303 3745 1466 3810 videatur:

367 3867 447 3912 unns
457 3849 541 3910 enim
551 3868 644 3912 sonus
657 3861 704 3912 est
713 3849 974 3912 totiusoratiouis
987 3860 1020 3912 et
1033 3849 1115 3912 idem
1129 3848 1232 3927 stilus,
1241 3868 1302 3912 nec
1313 3851 1352 3911 de
1361 3849 1466 3912 Persio

367 3942 543 4009 reticuisset
557 3947 733 4018 Graculum,
750 3966 821 4010 cum
835 3947 865 4008 ei
879 3945 1017 4008 Fannius
1033 3948 1072 4009 de
1085 3945 1226 4026 Menelao
1240 3946 1424 4009 Maratheno
1437 3956 1467 4008 ct

368 4048 408 4108 de
422 4043 536 4108 ceteris
549 4046 724 4130 objecisset,
740 4046 911 4130 presertim
926 4065 997 4109 cnm
1009 4035 1146 4109 Fannius
1156 4065 1323 4128 numquam
1334 4047 1376 4108 sit
1385 4046 1469 4108 bubi-

370 4156 418 4204 tus
435 4139 584 4222 elinguis:
603 4164 675 4206 nam
690 4158 722 4206 et
734 4165 841 4207 causas
854 4141 1069 4220 delensitarit,
1091 4157 1123 4206 ct
1141 4140 1321 4206 tribunatus
1339 4143 1408 4224 ejus
1419 4163 1464 4204 ur·

371 4245 464 4307 bitrio
476 4259 507 4306 et
518 4243 704 4307 attctoritate
715 4249 752 4308 P.
765 4245 902 4308 Africani
919 4257 1020 4312 aestus
1034 4265 1100 4307 non
1109 4247 1261 4306 obscurus
1272 4241 1343 4305 tuis.
