3218 5320
887 459 956 528 314

414 593 547 681 Quintil.
563 598 616 672 IV,
637 597 763 669 2123:
786 599 914 660 Multum
934 597 1055 660 confert
1076 596 1199 679 adjecta
1214 596 1297 658 veris
1315 593 1472 660 credibilis

371 719 476 762 rerum
489 699 603 784 imago,
620 719 686 779 quse
701 699 786 760 velut
799 701 833 760 in
845 720 912 761 rem
928 711 1111 782 presentem
1125 701 1297 781 perducere
1311 695 1469 762 audientes

370 801 509 866 videtum
517 800 617 881 qualis
630 815 679 864 est
688 801 742 863 ille
753 803 795 863 tt.
807 802 896 865 Coeiii
906 802 941 864 in
951 798 1123 864 Antonium
1134 799 1319 884 descriptiot
1333 802 1468 885 Namque

369 908 470 981 ipsum
482 901 646 984 offltndrurt
664 903 824 962 terrulente
844 921 956 980 sopore
972 900 1179 981 prodigorum,
1194 907 1265 962 totis
1284 903 1467 980 precordiis

367 1012 555 1073 stertentem,
572 1013 726 1059 mutatos
745 1003 865 1077 spiritus
878 1003 1052 1078 geminare,
1065 1000 1299 1084 praeclarosque
1316 998 1466 1058 contuber-

366 1098 453 1158 nales
462 1097 503 1158 ab
514 1097 657 1160 omnibus
668 1100 791 1178 spondis
802 1113 990 1160 transversas
1000 1097 1146 1158 incubare
1156 1114 1188 1158 et
1198 1100 1329 1183 reliquas
1340 1102 1467 1157 circum.

360 1189 470 1275 jacere
485 1200 616 1273 passim,
630 1217 699 1280 quoe
720 1209 822 1258 tamen
842 1200 1031 1256 exanimatur
1050 1209 1167 1256 terrore
1189 1193 1322 1256 hostium
1346 1197 1468 1256 adventu

363 1307 509 1371 percepto
534 1295 672 1352 excitare
693 1291 865 1352 Antonium
888 1290 1087 1361 conabantur,
1112 1311 1222 1352 nomen
1246 1291 1466 1365 inclamabant,

354 1388 481 1466 flustra
495 1409 516 1446 α
530 1385 698 1448 cervicibus
712 1385 868 1458 tollebant,
887 1384 1026 1446 bhndius
1040 1386 1101 1444 αΙία
1115 1386 1276 1444 odorrem
1296 1386 1467 1458 invocabat,

363 1481 572 1552 vehementius
580 1491 673 1546 etiam
683 1485 825 1546 nonnullo
825 1486 966 1566 feriebat
970 1507 1120 1570 5quorum
1130 1507 1199 1544 cum
1209 1490 1349 1546 omnium
1358 1507 1468 1546 vocem

364 1599 534 1669 memorque
555 1589 732 1658 noscitoret,
749 1587 909 1664 proximo.³
930 1579 1071 1668 cujusque
1093 1583 1205 1643 collum
1223 1583 1372 1662 anrplexu
1389 1600 1468 1663 pete·

364 1680 427 1756 bat,
442 1701 538 1766 neque
552 1682 687 1741 dormire
699 1684 862 1750 excuntes,
877 1700 973 1765 nequo
991 1681 1126 1760 vigilare
1143 1680 1247 1740 ebrius
1258 1695 1380 1760 poterat
1386 1711 1402 1761 ,-
1415 1685 1470 1742 sed

363 1781 554 1838 semisomno
575 1797 685 1858 sopore
707 1781 786 1836 inter
808 1797 918 1838 monus
940 1782 1149 1866 centurionum
1171 1778 1468 1866 concubinarumque

356 1870 547 1956 jactabatur.

406 1971 492 2033 Idem
506 1969 550 2032 Μ.
564 1961 656 2035 Coelii
670 1971 756 2034 locus
770 1990 789 2032 a
802 1969 1032 2034 saresberiensi
1046 1973 1080 2034 in
1094 1969 1245 2036 Policrat.
1258 1994 1290 2056 p.
1304 1975 1362 2038 607
1376 1975 1465 2038 affer-

365 2085 429 2136 tur.
463 2069 516 2163 [V.
539 2087 654 2156 praeter
675 2073 835 2154 Spalding.
862 2076 900 2136 ad
921 2075 943 2134 l.
966 2070 1092 2156 Quint,
1123 2077 1159 2138 P.
1180 2077 1354 2142 Victorium
1371 2079 1463 2143 Varr.

364 2175 454 2236 Leet.
477 2175 581 2246 XXH,
602 2175 633 2234 t.
660 2172 805 2236 Colorem
824 2175 947 2236 duxisse
960 2171 1086 2236 videtur
1105 2175 1162 2237 hie
1179 2175 1265 2239 loeus
1286 2199 1325 2240 ex
1341 2180 1466 2262 Lycone

366 2275 515 2356 quodam,
531 2273 619 2355 cujus
632 2273 840 2352 fragmentum
858 2293 917 2356 pro
938 2297 1134 2362 χαρικτηρισριι
1156 2278 1296 2362 exemplo
1317 2291 1416 2341 exstat
1432 2278 1465 2340 in

365 2371 485 2437 Rutilio
500 2375 584 2456 Lupo
598 2393 631 2456 p.
644 2373 716 2436 100.
730 2373 878 2464 Ellendt]

408 2471 543 2552 Quintil.
554 2473 608 2546 lx,
622 2471 652 2544 3,
667 2472 725 2533 582
738 2469 854 2535 Coelius
867 2473 901 2536 in
912 2476 1101 2540 Antonium:
1115 2477 1241 2557 Stunere
1252 2479 1363 2557 gaudio
1377 2479 1463 2538 Gru·

365 2590 429 2630 cus.
445 2569 541 2633 Simul
556 2566 681 2632 auditur
696 2575 798 2649 coepit.

766 2837 1073 2848 -t—*u-n-——u—

269 3083 336 3156 197
406 3069 539 3154 Quintil.
565 3069 622 3144 Vl,
649 3069 680 3138 3,
697 3067 736 3132 39
755 3093 763 3128 ε
781 3047 929 3142 Narrare,
953 3086 1019 3149 quae
1040 3065 1121 3129 salsa
1142 3067 1216 3142 sint,
1241 3067 1275 3128 in
1295 3066 1404 3148 primis
1417 3079 1462 3129 est

364 3169 475 3235 subtile
490 3177 523 3228 et
539 3165 722 3238 oratorium,
740 3177 774 3224 ut
794 3165 844 3224 M.
865 3165 977 3224 Coelt'us
991 3166 1028 3222 de
1042 3165 1095 3223 illo
1112 3165 1154 3223 D.
1178 3163 1271 3224 Lcelt'i
1283 3163 1463 3248 collegaeque

364 3286 432 3347 eJus
446 3269 477 3322 in
490 3263 687 3342 provinciam
690 3263 908 3341 festinantium
919 3265 1121 3321 contentione.
1134 3261 1170 3322 dl
1196 3285 1204 3324 t
1221 3263 1261 3324 Et
1269 3261 1383 3324 Coelius
1394 3283 1461 3324 cum

364 3361 469 3426 omnia
494 3355 712 3422 venustissime
734 3356 837 3434 finxit,
856 3372 919 3419 tum
938 3356 1015 3419 illud
1039 3359 1203 3422 ultimum:
1220 3359 1276 3419 Hie
1290 3359 1462 3419 subsecutus

363 3459 514 3545 quomodo
526 3457 690 3528 transterit,
712 3468 813 3514 utrum
823 3469 890 3515 rate
900 3477 941 3514 an
953 3461 1124 3534 piscatorio
1135 3462 1267 3538 navigio,
1281 3477 1371 3517 nemo
1385 3461 1460 3516 scie-

364 3558 426 3620 bat.
437 3553 534 3616 Siculi
545 3551 681 3637 qrddem,
697 3567 729 3610 ιιι
746 3566 815 3611 sunt
828 3551 937 3614 lascivi
950 3568 980 3612 et
997 3553 1126 3630 dicaces,
1140 3555 1260 3614 αιἐὂαιιι
1275 3558 1308 3613 in
1321 3553 1461 3632 delphino

364 3655 478 3714 sedisse
488 3663 518 3710 et
532 3653 577 3710 sic
590 3663 747 3732 tamquam
761 3649 887 3711 Ariona
901 3663 1112 3711 transvectum.

400 3812 453 3866 Hie
478 3813 649 3878 moretum]
669 3809 803 3864 Incertum
816 3809 1001 3882 fragmentum.

287 3953 291 3962 ¹
400 3941 437 3990 D.
451 3933 543 4004 teet]
563 3947 655 3989 utrum
674 3952 779 4006 ea·pars
801 3933 883 3986 fuerit
904 3934 1031 3988 orationis
1053 3934 1144 3996 Coelii,
1165 3953 1200 3988 an
1222 3937 1256 3988 D.
1281 3933 1392 3989 tetiam
1410 3933 1462 3988 ali·

435 4018 542 4090 quando
554 4017 714 4071 accusaverit
725 4016 843 4081 coettus,
861 4035 917 4074 uon
933 4028 1045 4070 constat.
1069 4019 1101 4071 D.
1115 4017 1213 4070 Laelius
1226 4017 1324 4070 Balbus
1337 4017 1463 4070 tribunus

434 4105 474 4177 pt.
487 4103 539 4155 fuit
548 4121 572 4156 a.
586 4104 619 4156 U.
636 4105 698 4168 699,
711 4121 764 4174 quo
777 4121 847 4156 anno
856 4103 893 4155 M.
904 4101 1006 4156 Coeiius
1018 4103 1050 4154 ab
1065 4103 1185 4156 Atratino
1197 4106 1225 4156 in
1236 4101 1283 4174 jus
1293 4117 1402 4158 vocatus
1410 4117 1462 4157 est.

435 4185 546 4259 Pighius
561 4185 657 4239 Annei.
672 4183 726 4237 vol.
740 4185 787 4249 111,
811 4203 839 4256 p.
855 4183 916 4238 400.
935 4185 966 4237 C.
988 4183 1098 4237 Laelium
1111 4185 1221 4239 Balbum
1233 4183 1369 4258 intelligit,
1384 4204 1464 4258 quem

433 4291 465 4328 eo
479 4273 538 4344 ipso
549 4289 620 4323 arrno
633 4282 788 4341 quaestorem
801 4270 830 4322 in
843 4269 935 4325 Sieilia
947 4269 1031 4324 fuisse
1045 4270 1118 4324 dicit.
