3218 5320
139 573 228 634 dieas
242 569 435 640 inimicitias,
452 556 487 626 nt
505 565 621 648 judicio
638 564 736 647 jurati
756 563 887 626 serratus
897 565 1022 625 Cretam
1037 580 1243 640 amoveretur,

142 669 302 739 effecerat,
328 679 421 747 atque
442 665 508 728 illic
528 664 634 728 eadem
655 660 813 726 actitando
834 662 973 724 recentia
992 675 1158 748 veteraque
1177 667 1249 733 odia

146 767 295 842 advertit,
309 767 460 846 bonisque
474 778 586 828 exutus
598 763 767 838 interdicto
781 761 847 841 igni
862 775 955 843 atque
975 782 1055 845 aqua
1074 783 1147 828 saxo
1165 765 1250 830 Seri·

142 863 404 950 pbioconseneit.

187 965 337 1030 Eusebius
348 961 534 1028 commetes
549 962 815 1026 CassiusSererns
824 973 932 1024 orator
943 963 1086 1040 egregius
1094 961 1181 1026 XXV
1188 963 1253 1026 exi·

145 1065 180 1126 lii
190 1063 238 1124 sui
248 1081 332 1124 anne
345 1077 464 1126 summa
477 1059 587 1141 inopia
594 1058 740 1132 moritur,
750 1053 803 1120 tis
814 1075 919 1140 patino
928 1059 1066 1120 verenda
1076 1070 1252 1133 contectus,

147 1185 230 1236 anno
240 1158 369 1228 Domini
383 1161 423 1226 34
435 1158 470 1244 (i.
483 1181 513 1222 e.
527 1180 610 1227 anno
622 1159 719 1226 Urbis
727 1158 814 1242 786).

190 1263 295 1327 Tacit
311 1265 393 1354 butt.
414 1265 441 1334 l,
460 1263 520 1326 72:
535 1259 661 1326 Primus
675 1265 829 1340 Augustus
844 1259 1053 1340 cognitionem
1074 1262 1112 1324 de
1128 1261 1256 1322 famosis

148 1360 264 1424 libellis
293 1359 394 1444 specie
423 1354 501 1436 legis
528 1355 594 1438 ejus
623 1357 794 1430 tractavit,
822 1367 994 1420 commotus
1017 1354 1119 1420 Cassii
1144 1357 1256 1420 Severi

148 1455 298 1531 libidine,
318 1456 371 1538 qui
387 1455 472 1516 virus
488 1454 683 1536 laminasque
701 1455 838 1517 illustres
853 1453 1040 1535 procacibus
1056 1451 1183 1537 seriptis
1199 1451 1258 1518 dil·

148 1559 331 1619 lamaverat.
771 1567 776 1585 '

168 1665 170 1674 ’
193 1641 280 1720 Suet.
294 1656 394 1735 Calig.
408 1675 437 1718 e.
456 1656 513 1716 16:
536 1653 575 1716 Τ.
592 1655 732 1728 Labieni,
748 1655 841 1714 Cordi
853 1654 1016 1726 Cremutii,
1033 1655 1137 1716 Cessit
1152 1657 1260 1718 Saturi

151 1757 270 1839 scripta
281 1767 406 1818 senatus
422 1752 571 1816 consultis
585 1752 701 1816 abolita
715 1755 834 1835 requiri
845 1769 879 1816 et
892 1773 959 1816 esse
971 1752 1007 1815 in
1019 1752 1165 1818 manibus
1174 1756 1260 1822 teut-

33 1924 36 1930 ,
155 1857 280 1936 rarique
294 1853 446 1936 permisit.

196 1951 347 2018 'Horatius
367 1953 402 2014 in
421 1953 577 2032 Epod.VI
592 1952 743 2014 describit
764 1951 882 2016 aeriter
901 1953 1005 2012 Cassii
1025 1973 1138 2017 mores.
1157 1949 1261 2044 [Coul.

156 2055 302 2117 Scbottus
314 2053 363 2114 De
378 2050 472 2123 claris
486 2050 568 2129 apud
578 2048 732 2114 Senecam
746 2052 842 2113 rhett.
856 2071 888 2132 p.
900 2049 940 2111 10
949 2069 1017 2130 sqq.
1035 2040 1225 2138 Westem]

579 2283 837 2302 m

202 2451 360 2522 Priscian.
370 2452 460 2533 Vlll,
473 2455 506 2532 l,
520 2480 553 2541 p.
566 2459 647 2522 368:
662 2455 802 2522 Cassius:
816 2451 1000 2542 Adulu'u'que
1010 2472 1097 2516 erant
1106 2457 1149 2516 ab
1159 2464 1269 2520 amicir

159 2574 188 2619 et
201 2555 374 2618 adhortarie
389 2557 518 2628 adulati,
534 2567 724 2629 κολακιυθέντες,
738 2555 905 2626 olisbona&
920 2569 1107 2638 προτραπέντις.

203 2651 338 2735 Quintil.
360 2651 407 2725 X,
435 2653 472 2724 1,
497 2651 561 2712 22:
589 2651 669 2710 lllud
693 2648 910 2724 utilissimum,
938 2651 1058 2729 quoties
1084 2654 1266 2734 continget,

160 2749 317 2826 utrimque
341 2745 463 2807 habitas
485 2746 589 2822 legere
614 2741 774 2826 actiones,
798 2758 833 2804 nt
853 2743 1011 2805 Pollionis
1034 2758 1066 2806 et
1088 2747 1191 2808 Cassii
1210 2769 1271 2810 vrso

164 2849 350 2926 Asprenate.

208 2963 291 3024 Plin.
305 2963 349 3022 tlt
360 2963 398 3022 N.
412 2959 541 3036 XXXV,
558 2959 616 3022 122
633 2961 802 3043 Asprenati
818 2978 873 3022 reo
885 2957 1009 3023 Cassius
1028 2961 1164 3025 Severus
1181 2983 1273 3026 accu-

164 3071 249 3124 sator
264 3057 444 3142 objiciebat,
473 3056 629 3122 interisse
642 3078 765 3120 veneno
777 3056 910 3138 triginta
923 3072 955 3124 et
969 3072 1095 3124 centum
1110 3062 1272 3128 convivas.

204 3221 362 3294 Asprenati]
377 3221 448 3274 conf.
460 3219 589 3272 Pollionis
602 3215 748 3274 orationem
761 3236 810 3292 pro
820 3225 977 3294 Asprenate,
990 3222 1019 3296 p‘.
1033 3225 1086 3280 tlt
1094 3223 1147 3298 sq,
1157 3240 1185 3282 et
1198 3229 1273 3283 Suet.

175 3328 177 3331 ’
234 3307 421 3361 ·Octav.o.56.
527 3345 529 3357 .
1035 3335 1039 3354 ³

212 3459 346 3544 Quintil.
359 3462 416 3537 xt,
433 3460 462 3532 l,
478 3462 534 3522 57³
552 3461 688 3542 Ideoque
702 3461 779 3526 milti
792 3461 868 3524 illud
883 3462 984 3528 Cassii
998 3465 1108 3529 Severi
1128 3487 1193 3534 non
1214 3489 1276 3532 me-

169 3557 321 3620 diocriter
344 3555 512 3640 displicet:
539 3555 704 3640 Didoni,
729 3563 815 3632 vivo,
839 3575 870 3620 et
893 3583 953 3646 quo
978 3558 1152 3624 me‘vivere
1169 3561 1275 3646 juvet,

174 3655 382 3736 Asprenatem
407 3676 494 3716 reum
521 3653 637 3717 timeo!
665 3656 736 3716 Non
760 3648 845 3718 'enim
864 3656 949 3738 justa
971 3677 1008 3719 ex
1032 3678 1125 3722 causa
1150 3661 1206 3724 vel·
1225 3683 1278 3726 ne·
1305 3658 1375 3736 228

174 3749 310 3814 cessaria
328 3749 430 3814 videri
454 3763 557 3833 potest
580 3751 753 3834 postulasse
774 3771 864 3827 eum,
887 3755 942 3814 sed
961 3755 1281 3834 quadamaccusandi

174 3851 345 3934 voluptate.

215 3948 267 4010 id.
279 3949 334 4022 Vl,
356 3947 387 4024 3,
401 3947 460 4009 78:
476 3943 649 4007 Transtulit
669 3947 790 4010 crimen
804 3941 930 4012 Cassius¹
943 3949 1086 4012 Severus.
1113 3954 1192 4016 Nam
1212 3976 1282 4036 oum

175 4045 398 4130 objurgaretur
413 4069 436 4111 a
449 4058 601 4130 pretore,
624 4047 705 4126 qnod
726 4048 869 4110 advocati
884 4050 950 4132 ejus
963 4052 1001 4112 L.
1015 4053 1099 4114 Varo
1112 4047 1279 4131 Epicureo,

179 4143 309 4204 Cesaris
318 4143 431 4221 arnico,
441 4144 619 4206 convicium
627 4143 793 4206 iecissent:
805 4143 925 4220 Nesso,
939 4143 1054 4228 inquit,
1068 4152 1120 4232 qui
1130 4155 1286 4213 conviciati

181 4243 253 4315 sint,
266 4254 376 4320 etputo
385 4242 629 4320 Stoicosfuiste.

1070 4369 1104 4418 ll
