3212 5326
810 453 812 462 .
858 381 923 452 tet

335 527 414 586 Cato
428 521 462 586 in
476 517 717 608 dissmsionejrle
727 523 935 592 feneraticee.
955 522 1057 584 razn
1070 537 1173 585 actem
1180 525 1296 603 pedam
1306 530 1380 586 imm
1388 549 1441 588 ex

325 624 445 702 finum
455 617 830 682 ancmdnexcrescelaa.
1345 661 1352 668 -

263 745 310 825 60
378 720 454 802 Quae
468 718 509 782 sit
522 717 573 778 lex
587 713 683 780 Junia
697 719 735 779 de
745 714 952 793 feneratione,
964 737 1028 780 non
1041 727 1176 780 constat.
1190 717 1282 798 spat
1292 719 1436 798 Pigltitnn

334 833 420 885 certe
442 832 474 882 et
491 817 640 882 Baebium
651 815 764 880 similis
774 818 826 880 lex
837 837 900 881 non
911 828 1113 886 memoratur.
1130 820 1174 880 At
1183 816 1314 880 fortasse
1324 819 1439 882 Junins.

333 906 458 1002 quidam
472 917 637 1001 aliquando
651 919 750 999 legem
765 912 803 981 de
817 919 1012 983 feneratione
1026 916 1113 994 tulit,
1134 924 1202 999 title
1219 915 1363 982 obstante
1377 920 1439 983 Ca-

332 1033 410 1084 tone
422 1040 441 1082 a
453 1019 569 1104 populo
583 1014 747 1102 repudiata
762 1028 794 1080 et
808 1037 880 1080 mox
894 1015 1046 1084 oblivioni
1059 1017 1175 1081 tradita
1194 1029 1259 1094 est,
1276 1013 1338 1080 nisi
1352 1020 1435 1081 acci·

333 1141 410 1204 pere
421 1120 542 1195 ,mavia
566 1139 707 1184 errorem
724 1119 822 1180 latere
842 1119 876 1182 in
895 1115 1101 1202 inscriptione
1122 1132 1154 1182 et
1173 1119 1338 1201 legendum
1356 1119 1438 1200 legis

337 1221 451 1284 Duiliae
469 1222 521 1286 vel
538 1223 677 1296 Moeriioe,
697 1239 763 1301 quie
780 1220 847 1296 lex,
865 1217 990 1290 nomine
1005 1219 1115 1310 numa
1132 1217 1249 1282 blmniae
1264 1219 1438 1302 appellata,

336 1342 419 1386 anun
437 1322 550 1386 sorta
568 1317 711 1386 unciario
731 1319 851 1384 foenore
872 1322 946 1384 date
966 1333 1025 1384 αι.
1050 1315 1154 1386 Satius
1175 1332 1279 1384 autem
1298 1317 1437 1396 videtur,
1524 1321 1527 1336 “

336 1415 574 1500 inscriptionem
587 1437 645 1500 pro
661 1429 810 1500 corrupta
821 1417 940 1480 habere
951 1439 960 1480 t
973 1414 1079 1480 nescio
1093 1415 1193 1494 enim,
1205 1413 1278 1498 quid
1290 1413 1352 1478 sibi
1362 1415 1438 1478 velit

336 1519 488 1579 dissuasio
510 1519 547 1577 de
557 1519 756 1598 fhncratione
776 1518 878 1600 Iegis:
901 1518 1035 1580 debehat
1054 1516 1139 1580 enim
1160 1517 1264 1578 dicere
1283 1519 1440 1577 dissuasio

336 1617 413 1696 legis
431 1615 538 1678 Iuniae
559 1617 597 1676 de
607 1617 819 1700 finerationc.
845 1611 884 1707 [ι
897 1617 965 1680 Huc
985 1614 1166 1684 referendus
1189 1603 1312 1680 videtur
1334 1613 1441 1679 Livius

337 1717 470 1794 xxxll,
482 1717 536 1790 tl,
551 1717 625 1780 ultis
640 1716 831 1792 Sardiniam,
844 1719 958 1801 inquit,
976 1719 1051 1780 Cato
1068 1706 1222 1780 obtinebat
1241 1713 1290 1800 (in
1304 1729 1437 1799 praetura

336 1818 404 1881 scil.
416 1856 425 1894 ,
438 1819 478 1880 tle
486 1835 548 1900 qua
556 1819 626 1881 Lis.
635 1819 680 1881 ib.
690 1839 720 1882 c.
729 1821 746 1882 l
754 1832 787 1882 et
796 1817 839 1896 8),
848 1835 968 1883 mactus
979 1835 1010 1882 el
1020 1825 1179 1893 innocens,
1185 1823 1328 1900 arpenni·
1335 1833 1439 1878 tamen

336 1915 488 1994 inferiore
498 1917 669 1975 coenando
682 1914 802 1978 bebius
803 1954 815 1990 ,
819 1917 1038 2002 fegadmoeea:
1043 1915 1144 1976 insula
1144 1917 1366 1994 feneratores:
1376 1911 1439 1976 nisi

337 2012 406 2092 quis
421 2011 524 2092 potius
536 2011 619 2074 banc
628 2013 806 2076 ‘orationem
820 2024 885 2075 tum
895 2011 1035 2076 habitam
1047 2012 1140 2074 faisse
1150 2024 1248 2094 putet,
1261 2028 1333 2073 cum
1343 2009 1439 2070 multa

337 2111 371 2172 in
385 2112 579 2174 feneratores
591 2111 710 2192 judicia
730 2117 838 2176 'serere
860 2128 931 2176 sunt
949 2114 1044 2189 lacta,
1058 2110 1281 2176 accusantibus
1301 2108 1442 2194 privatos

337 2211 476 2274 aedilibus
490 2211 661 2294 curulibus,
678 2209 845 2296 M.Tuccio
864 2227 897 2276 et
913 2217 951 2280 P.
969 2213 1064 2279 Junio
1083 2211 1179 2278 Bruto
1190 2210 1284 2297 (a.U.
1299 2211 1389 2296 561)=
1404 2231 1437 2273 v.

337 2309 409 2375 le,
418 2307 548 2384 XXXV,
560 2307 596 2368 41
607 2335 638 2367 ,ι
647 2308 788 2370 Boihuis.
800 2331 831 2393 p.
844 2304 936 2401 llll]

663 2473 716 2536 52.
738 2488 847 2536 enarro
868 2483 907 2536 ns
929 2491 966 2535 nn
985 2486 1106 2537 ancara.

379 2615 540 2703 Quotam
550 2617 716 2704 inscriptio
721 2621 767 2684 sit
779 2619 974 2706 explicanda,
988 2641 1051 2686 nen
1066 2621 1163 2692 facile
1173 2621 1237 2692 dici
1250 2634 1363 2705 potest.
1375 2623 1437 2684 Ne-

339 2739 399 2801 que
413 2721 530 2801 Popma
546 2735 646 2802 neque
666 2722 745 2784 bion
764 2723 863 2784 verbo
886 2739 955 2784 rem
973 2719 1159 2801 attigerunt.
1175 2721 1322 2802 Legimus
1336 2735 1440 2784 antem

338 2820 420 2901 apud
434 2819 653 2895 remelinus,
672 2822 853 2884 Florebant
865 2819 997 2884 Floralis
1010 2842 1029 2882 a
1044 2819 1137 2882 Flora
1156 2823 1359 2886 meandum
1373 2839 1441 2883 esse

338 2931 372 2980 et
390 2919 429 2977 de
444 2933 480 2978 ie
494 2917 603 2978 Flosis
617 2915 833 3000 accipiendum
851 2919 895 2981 tle
912 2917 993 2982 lutis
1007 2917 1192 2982 Floralibus.
1214 2920 1334 2983 &aaa
1353 2919 1442 2982 ludes

338 3013 477 3080 Florales
491 3027 615 3080 mnes}
624 3016 777 3097 pudorem
788 3027 821 3078 et
835 3015 1011 3077 'cosmatem
1025 3012 1171 3090 violasse,
1187 3015 1370 3098 pbbentqae
1382 3031 1440 3076 na·-

338 3113 386 3172 dis
405 3108 507 3171 mimis
522 3113 702 3172 delectatam
713 3111 817 3172 fuisse.
839 3109 932 3172 Ouid.
947 3111 1027 3172 Fast.
1040 3113 1079 3188 V,
1096 3111 1168 3173 331.
1185 3113 1279 3174 Forte
1292 3109 1324 3172 id
1335 3123 1438 3174 autem

339 3205 466 3280 accidit,
482 3217 518 3266 ut
532 3205 567 3268 in
578 3207 759 3284 fragmentis
774 3202 927 3275 oratianis
939 3205 1119 3270 Catonianae
1141 3209 1179 3270 de
1195 3209 1329 3270 crimine
1342 3208 1438 3288 impu·

337 3307 451 3368 dicitiae
473 3316 584 3384 agatur
601 3326 610 3365 ε
625 3307 709 3368 unde
728 3319 944 3386 argumentum
968 3307 1034 3389 ejus
1051 3310 1091 3370 ad
1112 3309 1199 3370 ludos
1225 3305 1301 3370 istos
1325 3305 1439 3370 referri

337 3424 425 3486 posse
439 3402 540 3470 visum
555 3415 611 3464 est.
631 3403 771 3480 Accedit,
800 3405 880 3488 quod
895 3403 972 3468 Cato
993 3401 1155 3466 Uticensis
1169 3405 1344 3486 aliquando,
1369 3424 1437 3466 cum

335 3503 400 3564 ludi
414 3502 552 3566 Florales
568 3497 757 3584 inciperent,
774 3506 931 3566 theatrum
946 3501 1084 3586 reliquit,
1102 3507 1174 3588 quia
1197 3504 1313 3588 probus
1328 3516 1359 3568 et
1382 3524 1436 3586 pu·

339 3606 425 3671 dicus
437 3602 505 3679 fuit,
521 3623 622 3685 neque
637 3605 720 3672 oculi
734 3604 801 3686 ejus
814 3607 848 3672 id
862 3605 1073 3688 spectaculum
1088 3605 1255 3668 obscenum
1273 3602 1341 3688 pati
1351 3617 1437 3686 pote-

338 3717 429 3765 rant:
445 3725 477 3766 v.
487 3703 593 3766 Valer.
609 3705 690 3766 Max.
707 3707 752 3779 ll,
772 3705 823 3778 10,
847 3708 878 3781 83
892 3705 1012 3768 Seneca
1025 3707 1126 3788 Epist.
1140 3704 1268 3768 XCVll.
1282 3703 1436 3786 Quamob-

338 3817 405 3864 rem
419 3801 620 3886 conjecerunt
629 3803 817 3886 interpretes
831 3801 929 3870 Gellii
942 3805 1007 3881 lX,
1026 3803 1078 3880 12,
1095 3819 1127 3868 et
1139 3805 1260 3884 Gierig.
1278 3803 1317 3865 ad
1331 3799 1435 3868 Ovidii

337 3901 420 3964 Fast.
439 3905 482 3976 V,
500 3900 574 3976 331,
587 3903 735 3968 Catonem
756 3905 938 3972 Uticensem
952 3903 1067 3966 librum
1090 3906 1140 3968 vel
1153 3905 1327 3968 orationem
1349 3901 1386 3962 de
1399 3919 1433 3961 re

337 4001 442 4066 Floria
462 3999 527 4062 siue
553 4003 591 4062 de
610 4003 690 4063 ludis
708 4003 885 4066 Floralibus
909 4004 1080 4085 scripsisse.
1103 4005 1176 4078 Sed,
1202 4004 1227 4066 si
1254 4005 1433 4066 beaterum

338 4114 431 4175 esset,
446 4100 565 4166 Gellius
582 4114 615 4164 et
626 4104 742 4166 Nonius
756 4101 941 4167 nominatim
965 4101 1149 4172 Uticensem
1160 4103 1310 4168 Catonem
1325 4103 1358 4162 in
1372 4101 1436 4163 lau-

338 4197 418 4264 detis
431 4199 614 4280 fragmentis
633 4201 838 4287 appellassent
855 4224 865 4266 a
880 4205 1030 4283 varnedo
1051 4202 1135 4268 eninr
1156 4203 1289 4266 lectores
1306 4201 1390 4262 hunc
1416 4218 1435 4262 a
