3218 5320
896 400 966 472 tos

417 557 436 592 a
446 540 582 606 uum]
597 539 716 598 Licinius
724 537 873 605 Mucianus,
886 559 939 612 qun
950 537 1153 597 scmhniuim
1162 559 1228 596 anus
1236 543 1476 615 aacvanpuhuuc.
1593 541 1594 552 ¹

453 622 531 678 Ceus.
546 622 608 674 intr.
622 621 655 674 ad
665 621 748 676 Tacit.
763 622 833 676 Hiar.
849 623 885 687 11,
902 625 927 676 5.

414 741 619 808 contrahantur]
641 760 672 794 eo
685 742 743 814 ipso
760 755 886 814 ternpore,
904 761 958 813 qno
974 741 1018 796 hie
1032 742 1159 815 Dialogus
1171 745 1287 816 cerintus
1304 757 1356 809 cst,
1375 746 1475 801 Hucin-

391 884 395 893 ,
448 843 502 884 nus
516 825 565 880 illo
577 844 656 898 opere
668 837 813 899 occupatus
825 838 890 880 eret.

412 950 553 1016 Actorum]
573 950 663 1002 neseio
677 967 711 1001 an
724 949 862 1004 Anconam
878 951 914 1002 sit
930 949 1080 1023 legendnm.

419 1071 526 1136 Valer.
547 1071 628 1133 Har.
644 1071 732 1144 VIII,
758 1070 807 1146 14,
830 1070 873 1132 3:
891 1073 940 1134 Ne
958 1071 1126 1156 Pompeius
1136 1073 1260 1154 quidem
1286 1073 1416 1154 Magnus
1436 1071 1477 1135 als
1592 1079 1594 1142 1

377 1171 437 1234 hoc
451 1167 564 1233 ellectu
582 1169 688 1250 gloriae
704 1186 839 1240 aversus,
864 1169 917 1251 qui
931 1169 1149 1251 Theophanem
1163 1171 1383 1252 Mitylenoeum‚
1399 1171 1475 1232 scri·
1593 1195 1594 1204 ¹

376 1285 499 1357 ptorem
510 1288 620 1342 ,rerum
640 1288 777 1344 suarum,
796 1268 830 1330 in
847 1265 999 1332 concione
1019 1266 1153 1333 militum
1173 1271 1300 1333 civitate
1321 1273 1473 1334 donavit:

377 1364 564 1431 beneficium
587 1387 644 1452 per
660 1387 693 1430 se
711 1367 844 1450 amplum
861 1381 1009 1429 accurata
1029 1369 1121 1432 etiam
1146 1379 1179 1430 et
1196 1379 1310 1430 testata
1332 1365 1478 1430 oratione
1593 1409 1594 1432 2

377 1482 568 1554 prosecutus.

413 1611 427 1640 *
441 1608 468 1662 t'tt
479 1607 714 1674 mucioncllufins
724 1608 797 1660 Puris
805 1607 880 1680 legit,
891 1624 1129 1660 emanantem.

421 1734 503 1797 Plut.
520 1737 629 1816 Pomp·
646 1753 675 1795 c-
692 1733 742 1796 54:
760 1745 883 1814 Πομπήϊος
903 1737 957 1796 εἶπέ
973 1765 1032 1797 nera
1054 1743 1209 1818 δημηγορῶν,
1233 1747 1268 1798 ὅτι
1291 1750 1374 1798 πᾶσαν
1402 1747 1476 1817 ἀρχὴν

376 1831 445 1895 λάβοι
457 1833 570 1902 πρότιρον
583 1833 600 1900 ᾗ
612 1827 782 1901 προσιδόκησε,
797 1831 839 1883 καὶ
858 1829 985 1884 κατάθοιτο
999 1833 1083 1882 θᾶττον
1100 1830 1116 1882 ἢ
1131 1825 1307 1900 rpousdottn'ln:

420 1956 552 2020 Causam
562 1951 626 2036 egit
639 1956 802 2040 Pompeius
813 1958 941 2036 Magnus
952 1977 1011 2036 pm
1029 1955 1070 2018 L.
1085 1956 1206 2018 Libone
1224 1973 1329 2018 contra
1339 1958 1476 2020 Helvium

378 2053 550 2127 Manciam,
568 2053 778 2128 Formianum,
799 2051 954 2118 Libertini
968 2051 1074 2127 filium,
1093 2054 1174 2135 apud
1191 2054 1343 2118 Censores
1359 2053 1472 2140 (Valet.

378 2151 459 2212 hlax.
476 2152 562 2228 VIII,
574 2153 607 2226 2,
620 2149 660 2236 8)
675 2174 704 2216 a.
719 2157 761 2221 U·
779 2152 852 2218 692.

675 2351 678 2359 '
707 2342 867 2416 LXXIV.
896 2340 947 2415 Μ.
975 2342 1140 2416 Crassus.

419 2545 462 2606 Μ.
475 2544 618 2610 Licinius
625 2547 753 2612 Crassus
765 2550 872 2614 consul
886 2544 944 2608 luit
958 2567 986 2608 a.
1001 2549 1042 2614 U·
1057 2549 1117 2612 683
1130 2561 1162 2609 et
1180 2551 1252 2612 698.

293 2637 355 2715 191
426 2643 494 2707 Cic.
510 2645 597 2706 Brut.
620 2647 671 2722 65,
699 2647 759 2710 233
777 2674 786 2708 a
802 2649 843 2710 Μ.
862 2647 1003 2726 Crassus,
1024 2643 1077 2730 qui
1089 2643 1147 2708 luit
1161 2645 1286 2730 aequalis
1305 2649 1473 2724 Hortensii,

380 2737 582 2808 mediocriter
600 2767 619 2810 a
643 2743 787 2812 doctrina
807 2748 987 2820 instructus,
1007 2746 1165 2826 angustius
1187 2745 1281 2808 etiam
1302 2769 1322 2810 a
1344 2760 1474 2818 natura,

380 2841 488 2906 labore
505 2856 538 2906 et
553 2843 704 2907 industria
717 2857 750 2907 et
767 2846 849 2928 quod
863 2843 1029 2906 adhibebat
1045 2843 1085 2904 ad
1098 2843 1283 2906 obtinendas
1304 2863 1412 2908 causas
1423 2863 1474 2905 cu·

378 2958 448 3002 ram
468 2941 562 3028 etiam
582 2955 614 3002 et
635 2937 784 3022 gratiam,
808 2941 842 3002 in
858 2937 1054 3024 principibus
1073 2940 1213 3022 patronis
1235 2941 1354 3024 aliquot
1382 2960 1479 3003 annos

377 3038 446 3100 luit.
468 3041 504 3102 In
521 3039 611 3122 hujus
631 3038 772 3104 oratione
794 3059 896 3102 sermo
917 3039 1032 3102 latinus
1045 3052 1130 3116 erat,
1146 3040 1243 3102 verba
1257 3061 1322 3102 non
1342 3040 1473 3122 abjecta,

377 3157 429 3198 res
443 3139 620 3221 compositae
640 3138 806 3218 diligenter
814 3165 823 3214 ;
841 3139 942 3201 nullus
951 3135 1007 3201 flos
1019 3148 1123 3200 tamen
1136 3157 1235 3220 neque
1247 3138 1353 3202 lumen
1368 3139 1472 3214 ullum,

379 3235 476 3296 animi
490 3255 613 3314 magua,
627 3233 713 3298 vocis
726 3255 825 3319 parva
836 3235 1006 3310 eontentio,
1024 3235 1127 3298 omnia
1143 3235 1211 3300 lere
1227 3249 1262 3298 ut
1278 3237 1423 3301 similiter
1435 3251 1476 3300 at·

380 3353 438 3414 que
452 3354 514 3397 uno
531 3336 621 3398 modo
635 3335 828 3398 dicerentur.

421 3433 532 3500 Vellei.
553 3439 598 3510 II,
614 3437 653 3500 36
670 3458 678 3497 =
693 3437 770 3520 Quis
784 3435 922 3518 ignorat,
948 3435 1117 3518 diremptos
1131 3435 1277 3515 gradibus
1299 3437 1399 3500 astatis
1420 3432 1471 3497 flo-

382 3535 481 3600 ruisse
494 3540 553 3602 hoc
569 3553 706 3622 tempore
724 3537 918 3611 Ciceronem,
935 3533 1147 3610 Hortensium,
1163 3556 1298 3620 maeque
1319 3536 1472 3609 Crassum,

380 3635 540 3712 Catonem,
556 3633 737 3718 Sulpicium,
754 3657 882 3718 moxque
896 3637 1037 3710 Brutum,
1054 3630 1218 3710 Calidium,
1238 3635 1390 3710 Coelium,
1407 3635 1476 3696 Cal·

318 3737 334 3772 *
380 3758 453 3804 uum
469 3751 500 3799 ea
513 3739 685 3820 proximum
694 3737 839 3802 Ciceroni
854 3737 1017 3815 Cesarem,
1034 3754 1204 3824 eorumque
1218 3735 1306 3798 velut
1321 3737 1475 3806 alumnos,

380 3833 552 3900 Corvinum
566 3858 601 3899 ac
619 3835 789 3900 Pollionem
808 3835 961 3898 Asinium.

417 3986 666 4058 soncqucCruauun]
674 3987 693 4039 i.
701 4005 726 4040 e.
734 3987 771 4040 tt.
780 3989 914 4052 Crassum,
922 3986 1010 4057 aliqua
1019 3986 1111 4040 saltem
1120 3985 1197 4039 lauale
1207 3986 1317 4058 dignm
1325 4000 1475 4056 quanquam

456 4069 559 4121 nonin
580 4071 746 4142 principibus
767 4071 856 4123 fuer-it.
876 4069 918 4124 Sic
936 4069 1054 4122 defendit
1073 4067 1192 4122 Ellendt.
1212 4069 1242 4120 in
1262 4068 1382 4120 Historia
1401 4065 1475 4135 Illoq-

451 4149 549 4204 codicis
558 4152 691 4206 Velleiani
700 4153 840 4206 lectionem
848 4164 939 4205 contra
947 4151 1111 4224 conjecturas
1120 4151 1179 4204 VV.
1190 4153 1246 4206 DI).
1256 4153 1336 4203 Porro
1345 4162 1388 4203 est
1395 4148 1472 4202 intel·
1487 4187 1503 4232 .

454 4231 578 4306 ligendus
587 4236 623 4289 llI.
632 4235 696 4290 Ceto
705 4235 838 4292 Uticensis
847 4246 874 4290 et
882 4235 955 4290 Serv.
965 4234 1100 4308 Sulpicius
1109 4233 1208 4288 Rufus.
1218 4231 1339 4288 Velleius
1348 4244 1376 4287 et
1383 4231 1474 4285 Cicero
