3246 5340
853 388 922 460 ³86

375 525 531 606 Superest,
547 535 582 584 ut
597 542 749 598 moneam,
763 544 781 584 a
796 524 873 585 viris
886 524 988 585 doctis
1000 522 1158 584 interdum
1173 524 1305 585 aliorum
1319 545 1441 606 quoqne

334 637 493 687 oratorum
511 625 670 686 orationes
683 624 920 686 commemorari
936 643 1011 704 quas
1026 625 1064 685 ‹le
1087 623 1240 686 industria
1256 625 1444 688 omittendas

333 743 401 786 esse
414 720 532 806 putavi,
549 724 622 804 quia
636 735 690 785 aut
704 743 815 786 errore
828 737 881 784 aut
898 722 1082 803 conjectura
1096 721 1183 804 quasi
1206 727 1338 804 quadam
1351 736 1445 788 teme·

332 823 417 884 naria
435 823 468 884 id
487 821 602 884 iactum
623 837 702 885 erat.
727 822 877 904 Exempla
890 821 1048 884 sufficiant
1062 821 1190 903 aliquot.
1208 819 1384 902 Scaligerus
1399 826 1438 885 ad

334 922 459 982 Festum
477 938 549 1002 pag.
567 919 628 982 213
645 917 820 982 orationem
835 921 940 982 laudat
962 920 1126 990 Varronis,
1140 921 1179 980 de
1191 939 1251 1000 qua
1262 923 1328 1002 ipse
1339 923 1442 982 Varro

237 1099 239 1104 Α
332 1020 368 1080 in
382 1019 491 1099 quinto
504 1018 553 1080 De
566 1015 666 1079 latino
675 1037 820 1080 sermone
831 1017 872 1079 sit
885 1017 1016 1080 locutus.
1034 1016 1124 1077 llanc
1137 1017 1316 1100 opinionem
1325 1017 1444 1080 insalsa

331 1112 467 1178 lectione
476 1111 584 1191 inniti,
599 1134 637 1176 ex
651 1113 810 1196 Spengelii
825 1113 963 1176 editione
978 1133 1010 1196 p.
1026 1114 1085 1175 201
1102 1114 1179 1174 satis
1193 1127 1334 1194 apparet.
1351 1115 1444 1175 Aliud

332 1211 445 1276 deinde
461 1211 615 1277 orationis
628 1211 835 1276 Varronianus
848 1213 1056 1292 fragmentum
1072 1213 1241 1274 aDacerio
1260 1213 1390 1274 allertur
1406 1215 1445 1275 ad

332 1315 454 1376 Festum
477 1333 549 1395 pag.
566 1313 641 1383 327,
661 1315 743 1394 quod
763 1333 803 1374 ex
822 1312 951 1374 Catonis
972 1313 1119 1374 oratione
1139 1314 1221 1394 apud
1245 1313 1384 1376 Gellium
1404 1315 1442 1388 V,

335 1415 375 1474 14
390 1411 534 1494 legimus.
555 1413 678 1494 Lipsius
697 1425 801 1474 autem
821 1411 856 1472 in
874 1411 946 1474 Vita
959 1411 1056 1476 Corn.
1084 1411 1196 1485 Taciti,
1213 1431 1253 1473 ex
1266 1411 1363 1474 Plinii
1376 1413 1445 1494 Epi·

331 1511 437 1582 stolis,
455 1523 487 1573 et
500 1510 642 1572 Tacitum
657 1509 692 1569 in
711 1504 908 1591 principibus
924 1509 1104 1572 oratoribus
1121 1508 1213 1570 fuisse
1234 1521 1268 1569 et
1287 1507 1445 1571 orationes

334 1613 454 1692 aliquot
468 1611 616 1685 edidisse,
630 1605 764 1688 intelligi
775 1604 875 1669 uicit.
894 1607 1072 1671 Meminisse
1086 1620 1160 1690 puto
1173 1607 1314 1690 Lipsium
1328 1609 1445 1689 Episto-

334 1710 435 1770 larnm
449 1705 546 1766 Plinii
560 1725 618 1782 vu,
635 1705 676 1766 20
693 1717 725 1766 et
740 1725 811 1778 v111,
824 1707 858 1780 l,
875 1707 929 1766 sed
941 1725 1065 1778 vereor,
1080 1723 1120 1766 ne
1139 1703 1268 1766 nimium
1283 1699 1323 1767 iis
1334 1704 1445 1767 tribue·

337 1805 380 1868 rit
394 1826 402 1866 ε
416 1803 502 1865 nullo
517 1801 603 1864 enim
617 1803 708 1864 modo
731 1803 805 1864 inde
820 1800 1002 1864 confirmari
1015 1814 1126 1886 potest,
1146 1803 1303 1864 orationes
1317 1802 1447 1866 edidisse

339 1901 492 1964 Tacitum.
511 1899 673 1960 Postremo
685 1899 824 1976 Angelus
844 1898 941 1959 Maius
952 1917 992 1958 ex
1006 1897 1136 1980 epistola
1150 1899 1319 1960 Frontonis
1333 1901 1372 1962 ad
1388 1903 1446 1961 Ve-

341 2021 411 2064 rum
421 2001 642 2082 imperatorem
657 1999 686 2074 1,
699 2017 731 2080 p.
751 2000 823 2074 181,
837 1994 872 2058 in
886 2018 946 2081 qua
956 1998 1086 2078 legimus
1099 2019 1108 2059 a
1120 1997 1281 2062 Ventidius
1292 2000 1356 2072 ille,
1364 2015 1449 2079 post·

335 2121 428 2187 quam
438 2097 574 2159 Parthos
587 2099 688 2178 fudit,
695 2100 890 2182 fitgavitque,
909 2100 952 2156 ad
976 2101 1142 2158 victoriam
1162 2119 1250 2158 suom
1273 2101 1444 2178 praedican-

337 2201 410 2258 dam
425 2200 600 2258 orationem
613 2218 632 2254 a
654 2196 694 2255 G.
714 2195 860 2255 Sallustio
873 2209 1027 2254 matuatus
1040 2210 1097 2270 est,
1115 2191 1221 2274 colligi
1234 2215 1326 2278 posse
1344 2197 1444 2258 credi·

336 2299 393 2370 dit,
409 2293 537 2358 relictas
548 2291 794 2358 esseaSallnstio
810 2294 985 2356 orationes:
997 2315 1110 2360 vereor
1123 2291 1243 2372 itidem,
1262 2316 1303 2357 ne
1315 2296 1444 2360 nimium

337 2398 387 2458 his
401 2395 507 2460 verbis
521 2394 680 2461 tribuerit.
