3288 5344
886 435 928 507 14

400 569 451 634 10.
476 573 590 635 Mansit
597 574 697 653 igitur
709 572 743 635 in
756 571 908 656 phaleris,
925 589 991 657 qun
1003 570 1114 648 iuerat,
1131 571 1295 654 mipllna
1310 569 1455 653 imaum·

354 669 406 731 tis.
423 670 471 731 td
481 689 571 732 sones
580 672 807 751 honoratosque
816 669 928 732 dodum
937 681 971 732 et
982 667 1141 731 hornmin
1151 669 1220 732 sina
1233 669 1372 743 ducam,
1384 689 1454 752 prn-

353 768 467 828 dentae
480 765 519 830 tle
529 768 602 851 jure
613 769 840 850 respondentes
851 767 960 829 adire
980 763 1129 848 (adquoel
1144 765 1267 849 peritus
1278 766 1456 850 poetl'uoen*

353 867 426 928 dum
439 865 549 928 Cicero
562 887 581 928 a
594 867 637 948 Q.
652 865 748 927 Mucii
760 865 860 927 latere
869 883 932 928 non
948 864 1123 940 dimersit),
1141 864 1176 926 in
1190 863 1272 938 loro,
1284 865 1318 925 in
1331 862 1460 944 juncte

355 965 623 1040 emittendasse,
637 985 757 1028 morem
766 964 913 1036 civitatis,
927 965 1069 1026 instituta
1082 963 1189 1046 populi
1198 975 1231 1025 et
1240 965 1453 1043 legesaeuato·

353 1062 493 1144 riamqne
502 1083 562 1125 usu
572 1061 719 1145 resipere
732 1061 947 1144 prudentiam,
961 1061 1028 1122 hec
1038 1059 1096 1124 luit
1108 1060 1275 1125 educundae
1284 1058 1459 1140 juventutis

354 1162 449 1224 ratio.
456 1162 534 1246 Quis
542 1163 625 1224 hano
635 1160 872 1246 vituperaverit,
882 1161 1114 1243 quelionranit,
1123 1159 1456 1224 addimmilitimusuet

355 1261 468 1321 ducum
484 1257 710 1336 conmherniis,
727 1259 895 1343 imperim
903 1258 989 1321 orbis
1001 1255 1147 1342 peperit?
1157 1256 1280 1342 Quippe
1289 1275 1455 1337 numquam

353 1361 427 1422 inde
441 1357 604 1422 deficiebat
622 1376 808 1438 magnorum
828 1358 967 1422 viromm
991 1377 1148 1442 propago,
1176 1355 1247 1420 ὢ
1267 1356 1302 1418 in
1324 1356 1455 1429 aliorum

353 1459 717 1524 vicemsncoedentibus.
736 1465 804 1525 llos
812 1461 866 1524 ille
876 1459 1025 1542 maenum
1032 1461 1072 1522 ad
1082 1468 1238 1542 spectatos
1248 1457 1456 1541 prudentiam

352 1563 514 1624 honestate
522 1559 607 1625 viros
621 1558 794 1624 deducendi
808 1562 847 1624 ad
862 1560 1023 1626 Ciceronis
1036 1579 1132 1641 usqne
1145 1559 1254 1624 florent
1270 1559 1452 1640 pemmit,

353 1671 388 1718 nt
398 1657 460 1720 alio
473 1659 542 1723 loco
562 1657 835 1720 demonstrabitur.
853 1657 951 1720 Nemo
973 1669 1076 1720 autam
1096 1655 1190 1737 hujus
1201 1654 1299 1716 matu
1314 1665 1347 1716 et
1362 1655 1457 1718 moris

352 1756 569 1830 sanctitatem,
593 1757 785 1840 juvenesque
803 1755 925 1820 nobiles
944 1775 982 1818 ex
1000 1757 1070 1818 sina
1087 1765 1253 1838 parentum
1275 1765 1307 1815 et
1324 1749 1458 1815 durissi-

353 1873 474 1922 morum
501 1855 661 1918 hominnm
685 1855 835 1938 exemplis
862 1856 902 1917 ad
924 1873 975 1921 res
998 1856 1083 1918 domi
1106 1853 1283 1934 militiaque
1305 1852 1458 1932 gemndas

352 1969 532 2032 progressos
542 1971 613 2014 oum
626 1952 764 2014 Pliniani
778 1951 927 2035 temporis
941 1952 1071 2016 lascivia
1089 1949 1298 2034 comparando
1313 1949 1457 2030 eloquen-

352 2045 413 2108 tius
431 2049 610 2130 deploravit
622 2067 713 2130 <pam
727 2048 816 2110 aurei
830 2049 879 2110 De
894 2047 1198 2127 oratoribus-dialogi
1220 2056 1331 2110 auctor
1342 2063 1374 2106 c.
1398 2045 1457 2118 aar

356 2145 395 2207 33
410 2165 478 2226 sqq.
499 2147 546 2208 lta
559 2147 685 2221 iactum,
703 2157 739 2206 ut
749 2144 825 2206 felix
835 2156 993 2208 oratorum
1000 2155 1379 2228 propagasuecreecertt,
1396 2158 1460 2204 non

352 2244 519 2307 lenociniis
531 2245 717 2319 locatorum,
732 2246 790 2306 sed
798 2243 983 2327 dignitatem
995 2245 1121 2324 generis
1131 2243 1198 2306 vita
1210 2263 1266 2306 sua
1285 2255 1319 2305 et
1329 2261 1459 2304 munero

354 2345 552 2424 mutiam,
575 2344 688 2408 Litoris
706 2343 791 2408 enim
810 2344 960 2427 plurimos
973 2363 1036 2406 non
1056 2345 1175 2427 optime
1186 2344 1280 2407 inisse
1299 2342 1456 2414 munitos,

350 2441 417 2522 jam
440 2442 515 2503 intle
529 2442 700 2521 colligitur,
719 2443 800 2524 qnod
814 2441 941 2504 maximi
956 2443 1091 2506 nominis
1113 2460 1298 2524 summaeque
1311 2441 1458 2524 potentiae

351 2543 493 2604 homines
506 2541 549 2603 M.
571 2543 705 2626 Lepidus
724 2543 881 2620 Porcina,
907 2543 945 2607 C.
963 2545 1107 2628 Papirius
1123 2545 1243 2621 Carbo,
1265 2546 1335 2609 Ser.
1358 2543 1459 2626 Sulpi·

350 2641 416 2702 cius
431 2640 535 2704 Galba
549 2659 592 2702 ne
610 2640 691 2722 juris
713 2641 856 2722 quidem,
878 2654 912 2702 ut
926 2643 1002 2706 aliae
1021 2655 1105 2706 artes
1123 2657 1263 2718 taceam,
1281 2642 1377 2726 periti
1396 2653 1458 2703 tra·

349 2740 466 2802 duntur
487 2738 574 2821 (Cic.
593 2741 641 2801 De
661 2753 741 2802 orat.
768 2741 795 2813 l,
822 2740 890 2824 10).
906 2741 1013 2823 Neque
1033 2742 1177 2806 Crassum
1194 2759 1384 2822 magnopore
1405 2738 1457 2800 ilo-

349 2835 447 2899 ruisse
467 2835 587 2912 literis,
609 2840 773 2920 equalium
798 2854 948 2903 constane
973 2840 1080 2922 opinio
1103 2852 1195 2916 erat,
1226 2838 1458 2918 Antoniumque

346 2953 471 3018 prorsus
492 2939 606 3019 ἄμουσον
624 2937 833 3000 etistnnatum
853 2938 946 2999 inisse
965 2957 1005 3000 en
1021 2935 1176 3001 Cicerone
1193 2939 1243 2999 De
1255 2950 1337 2999 orat.
1357 2937 1403 3012 ll,
1425 2936 1455 3010 1,

347 3037 475 3118 aliisque
493 3037 571 3099 loeis
589 3051 726 3110 constat,
741 3039 842 3119 quiin
859 3037 1036 3100 refellendis
1050 3039 1217 3112 sententiis
1227 3037 1377 3122 ejusmodi
1395 3037 1459 3099 fru-

349 3145 419 3196 stra
430 3133 625 3196 multmest.·-
1416 3151 1419 3158 ·

392 3233 444 3293 ll.
467 3235 717 3314 Ingruentepuet
730 3231 952 3312 Carthaginem
963 3247 995 3297 et
1008 3235 1166 3300 Grmeiam
1177 3253 1322 3299 evomui
1329 3252 1452 3298 morunt

347 3330 431 3407 labe,
447 3317 724 3414 quaestionibusque
738 3333 897 3415 perpetuis
914 3335 1068 3398 institutis
1079 3336 1180 3419 major
1193 3337 1267 3399 inde
1280 3335 1459 3399 oratoribus

347 3435 494 3496 materies
503 3434 673 3496 succrevit.
686 3433 833 3496 Notabile
844 3435 878 3496 in
889 3436 999 3517 primis
1011 3439 1093 3518 qnod
1106 3438 1225 3502 fervida
1237 3438 1368 3522 insama
1383 3439 1455 3499 ado

347 3531 546 3608 lescentibus,
567 3543 602 3592 ut
620 3531 779 3613 improbos
798 3547 1071 3614 persequerentur,
1089 3536 1177 3616 qnasi
1189 3536 1320 3598 solenne
1339 3527 1454 3598 munus

348 3633 454 3696 luerit.
468 3633 538 3692 Non
552 3643 657 3690 umen
671 3647 710 3690 ex
724 3629 878 3692 Cicerone
890 3630 963 3692 Diu.
981 3630 1015 3692 in
1034 3631 1140 3694 Ceeil.
1164 3653 1194 3694 c.
1208 3633 1246 3696 tt
1262 3629 1335 3696 coll.
1353 3635 1450 3696 verr.

350 3733 410 3804 tv,
427 3733 456 3801 1,
474 3729 506 3803 2,
515 3731 660 3790 undosus
668 3729 770 3791 hausit
779 3729 978 3805 Plutarchus,
992 3729 1052 3800 hoc
1066 3731 1112 3794 ita
1124 3733 1350 3816 accipientium
1366 3732 1455 3813 quasi

351 3826 509 3888 insolimm
524 3823 628 3897 inerit,
644 3825 785 3887 homines
797 3825 966 3888 honoribus
975 3826 1103 3890 idoncos
1114 3829 1165 3891 vel
1179 3847 1286 3892 eorum
1300 3839 1458 3912 compotes

354 3924 394 3984 ad
405 3921 611 3984 accusandum
625 3922 825 3984 descendere.
839 3923 962 4008 Quippe
975 3923 1130 3989 ambitiosi
1146 3927 1308 3990 Ciceronis
1325 3926 1459 4008 equales
1490 3948 1493 3954 ·

354 4019 434 4081 etin
450 4017 564 4099 primis
582 4017 653 4100 ipse
668 4019 790 4096 Cicero,
807 4019 1060 4084 miserationibus
1073 4025 1218 4087 oratoriis
1238 4025 1406 4087 imitatem
1426 4035 1459 4086 et

355 4117 550 4178 honestatem
563 4117 673 4199 saepius
685 4129 870 4200 postponere
884 4119 1000 4196 solitus,
1015 4121 1097 4184 hanc
1112 4121 1172 4184 sibi
1192 4119 1353 4185 linxerunt
1367 4137 1458 4200 rogu-

356 4219 430 4298 lant,
446 4232 585 4300 utquam
606 4218 754 4300 plurimos
777 4219 969 4286 ostendendo
989 4225 1122 4304 gratiam
1136 4224 1219 4306 vulgi
1239 4235 1271 4288 et
1285 4224 1458 4308 potentium
