3212 5326
867 453 935 525 120

357 586 531 650 Catoniana
544 587 727 662 existimem,
741 587 818 650 lacit
828 589 989 672 multiplex
1000 590 1054 652 illa
1068 603 1184 656 etcum
1198 589 1351 672 dignitate
1368 595 1455 656 velte·

359 707 446 750 mens
468 689 634 750 uerborum
659 707 824 770 rerumque
856 692 895 752 ad
921 709 1015 752 unam
1043 689 1201 755 notionem
1224 695 1455 776 exprimendam

355 786 611 877 ‚exaggeratiom'l
680 851 683 854 .

504 986 535 1046 2.
561 1003 673 1046 onemo
689 1003 775 1057 Quin
792 1003 878 1045 otxtr
893 1003 1056 1046 annuntie
1072 1005 1153 1046 trun
1173 1005 1310 1059 nostrus.

405 1178 512 1239 :Haec
538 1173 639 1241 oratio
662 1177 787 1242 ridetur
809 1173 918 1240 habita
943 1177 977 1240 in
1001 1191 1172 1258 quoestura,
1200 1198 1270 1242 ctmt
1294 1179 1329 1242 in
1351 1180 1455 1242 Africa

356 1289 488 1360 quaestor
503 1289 585 1338 esset
603 1278 640 1338 P.
654 1273 792 1358 Scipioni
813 1271 934 1338 consuli
957 1277 996 1337 :ut
1017 1277 1132 1340 bellum
1146 1273 1299 1341 Punicum
1315 1277 1358 1338 ll.
1384 1279 1454 1344 Pro·

354 1381 434 1442 lecto
459 1376 492 1440 id
517 1375 633 1444 accidit
655 1377 712 1438 sub
739 1395 856 1438 annum
882 1375 942 1440 ste
968 1378 1120 1442 Tuditano
1146 1390 1178 1440 et
1204 1376 1343 1462 Cethego
1368 1378 1453 1442 Coss.

353 1479 467 1542 Cicero
487 1475 521 1538 in
536 1477 655 1540 Catone
676 1489 707 1540 et
728 1477 843 1548 Bruto,
860 1477 962 1560 Nepos
976 1489 1008 1538 et
1022 1477 1138 1540 Livius.
1155 1501 1170 1532 u
1192 1476 1326 1560 Popma.
1344 1477 1455 1540 Errare

353 1575 481 1640 videtur
494 1581 621 1658 popm,
638 1579 719 1658 quod
730 1576 808 1640 Cato
822 1588 953 1655 quaestor
967 1573 1001 1638 in
1017 1574 1127 1640 Sicilia
1141 1588 1172 1638 et
1184 1577 1292 1640 Africa
1303 1577 1456 1660 stipendia

350 1677 438 1754 lecit,
457 1700 520 1744 non
534 1680 568 1742 in
581 1677 743 1760 Hispania.
761 1677 839 1740 Vide
861 1674 966 1756 Pighii
987 1677 1184 1740 utrumvel.
1205 1679 1246 1752 ΙΙ,
1266 1699 1298 1762 p.
1320 1679 1392 1742 221.
1415 1683 1456 1742 A:

353 1799 426 1844 cum
444 1779 640 1843 consuleret
657 1799 740 1840 anno
757 1779 831 1852 558,
853 1773 888 1840 in
911 1774 1039 1855 regione
1059 1777 1305 1852 Celtiberorum,
1328 1799 1456 1860 quorum

351 1890 447 1960 caput
459 1890 508 1940 est
522 1873 706 1952 Numantia,
730 1875 813 1938 bella
826 1872 933 1955 gessit.
957 1875 1024 1936 Liv.
1042 1875 1186 1948 XXXIV,
1211 1878 1250 1948 8:
1270 1876 1317 1940 M.
1329 1875 1457 1940 Porcius

352 1979 468 2051 consul,
483 1993 646 2062 postquam
660 1977 808 2057 abrogata
823 1991 870 2036 est
885 1977 985 2056 Oppia
999 1975 1065 2046 lex,
1080 1977 1238 2054 extemplo
1251 1980 1364 2056 viginti
1373 1982 1455 2060 quin·

349 2079 553 2164 queuntibus
576 2081 693 2158 longis,
717 2097 846 2162 quarunt
863 2083 991 2161 quinque
1011 2081 1162 2138 sectorum
1177 2091 1282 2151 erant,
1303 2078 1347 2136 ad
1359 2079 1456 2140 Lmtae

348 2192 473 2254 portum
483 2179 651 2258 profectus,
671 2177 783 2236 eodem
797 2178 938 2237 exercitu
951 2178 1114 2236 conuenire
1123 2169 1216 2254 jusso
1237 2188 1267 2232 et
1282 2175 1384 2242 ¹edicto
1400 2195 1458 2252 per

349 2278 645 2339 oramimoritunum
659 2277 755 2338 misso
769 2271 892 2338 :turibus
906 2275 1006 2338 omm's,
1016 2275 1139 2350 gereris
1149 2276 1310 2335 contractis
1323 2270 1363 2332 ab
1371 2271 1456 2336 Luna

347 2373 548 2452 proficiscens
556 2371 676 2438 edixit,
697 2383 728 2426 ut
747 2369 791 2428 od
802 2367 930 2430 Portum
944 2367 1092 2447 Pyrenaei
1103 2383 1318 2452 sequterentur:
1340 2369 1411 2428 :nde
1425 2389 1456 2428 se

340 2472 503 2555 frequenti
515 2469 614 2530 classe
627 2469 670 2527 ad
680 2466 781 2528 hostes
794 2470 919 2528 iturum.
934 2465 1139 2532 Proetervecti
1149 2467 1327 2548 Ligustinos
1342 2477 1457 2534 montes

349 2571 510 2652 sinumque
525 2564 678 2626 Gallicum
698 2563 857 2640 eddium,
879 2583 972 2647 quum
992 2564 1145 2634 ediceret,
1167 2579 1378 2630 conuenerunt.
1404 2564 1456 2622 Ab

259 2649 267 2659 ⁵
351 2662 458 2726 Rhoda
480 2663 610 2724 secundo
632 2675 722 2720 vento
737 2655 905 2738 Emporrus
922 2669 1112 2738 perventum.
1138 2661 1284 2724 Fortasse
1304 2682 1379 2742 ergo
1397 2662 1454 2730 hoc

350 2784 436 2831 anuo
454 2763 630 2830 Numantiae
652 2762 807 2842 equitibus
827 2763 1008 2826 convocatis
1027 2763 1205 2824 orationem
1227 2761 1340 2826 habuit
1362 2763 1452 2836 Cato,

350 2861 471 2942 qualem
485 2862 517 2922 ei
526 2860 631 2922 Livius
645 2860 758 2920 tribuit
772 2857 816 2920 ih.
832 2858 911 2921 c.13
925 2881 932 2920 :
949 2859 1010 2918 Ubi
1023 2865 1098 2922 satis
1112 2862 1277 2924 admodum
1291 2877 1321 2920 et
1334 2883 1453 2922 suornm

284 2959 326 3030 18
351 2974 381 3020 et
394 2959 526 3022 hostium
545 2965 667 3020 animos
682 2973 727 3020 est
740 2973 896 3038 expertus,
914 2965 1076 3020 conuocari
1087 2959 1221 3020 tribunos
1232 2963 1453 3045 praefectosque

347 3072 377 3118 et
391 3061 503 3141 aptate:
514 3078 621 3120 omnes
634 3071 665 3116 et
676 3060 865 3116 centuriones
874 3050 980 3135 jussit.
998 3055 1144 3136 Tempus
1155 3056 1268 3138 inquit,
1283 3059 1365 3142 qztod
1373 3077 1453 3135 sepe

347 3159 488 3234 optastis,
504 3159 598 3230 venit,
613 3165 675 3214 etc.

387 3241 429 3300 Α.
444 3238 528 3302 Gell.
544 3239 629 3312 XVI,
647 3238 684 3300 1:
702 3235 872 3317 comparat
894 3237 1031 3318 scriptor
1053 3238 1170 3302 dictum
1195 3237 1331 3303 Musonii
1355 3239 1450 3322 philo·

347 3331 436 3416 sophi
451 3355 521 3396 cum
539 3335 665 3413 egregia
686 3332 845 3399 sententia
867 3332 901 3392 in
924 3329 1052 3395 Catonis
1072 3337 1213 3400 oratione
1235 3335 1345 3422 posita,
1364 3359 1451 3420 quam

347 3433 427 3498 dixit
446 3432 622 3504 Numantia:
638 3430 874 3516 apud'equitcs:
896 3433 1033 3516 Cogitate
1053 3456 1123 3494 cum
1145 3443 1404 3514 animisnostris,
1426 3443 1453 3496 si

316 3532 324 3552 “
345 3535 419 3620 quid
430 3555 487 3594 uos
497 3553 558 3612 per
570 3532 708 3591 laborem
721 3545 802 3589 recte
807 3532 963 3612 fhceritis,
980 3531 1068 3590 labor
1079 3533 1130 3591 itte
1151 3557 1171 3592 a
1192 3535 1283 3596 vobis
1298 3540 1359 3594 cito
1372 3555 1450 3595 rece·

346 3631 416 3689 det:
434 3629 640 3710 benefactum
654 3648 674 3684 a
688 3624 789 3696 vobis,
806 3626 877 3684 dum
893 3629 1008 3696 crinitis,
1023 3649 1084 3687 non
1101 3627 1254 3696 abscedet,
1277 3631 1343 3690 Sed
1353 3636 1382 3692 si
1394 3653 1450 3718 quc

343 3751 403 3807 per
420 3731 608 3810 voluptatem
626 3730 766 3811 'nequiter
775 3727 936 3806 feceritis,
955 3727 1097 3806 voluptas
1111 3735 1169 3792 cito
1184 3731 1302 3791 abibit:
1319 3736 1450 3820 nequiter

337 3827 462 3904 factum
474 3827 551 3886 illud
562 3825 646 3904 apud
657 3845 712 3882 vos
727 3844 850 3901 semper
862 3822 1006 3885 manebit.

383 3961 472 4027 Editio
485 3963 551 4016 1493
564 3961 664 4017 omittit
675 3979 718 4016 uos
730 3959 759 4012 in
772 3959 829 4016 illis
841 3958 867 4016 ai
877 3958 944 4031 quid
954 3977 1007 4026 vos,
1022 3973 1079 4016 tum
1090 3961 1190 4022 uinetis,
1206 3963 1237 4020 In
1251 3963 1317 4026 :dtu
1329 3967 1449 4028 Contione

417 4047 518 4121 legitur
529 4048 577 4101 sed
587 4046 613 4100 si
622 4064 690 4118 que.

388 4183 513 4244 Festus:
540 4177 731 4254 Optimam,
751 4185 785 4233 ut
803 4169 1017 4248 pontificatus,
1033 4173 1401 4253 Decurionatustlieitun
1417 4189 1449 4238 ut

346 4288 432 4351 Cato·
443 4278 477 4340 in
494 4295 545 4347 ea,
569 4293 660 4356 quam
670 4269 790 4368 ¹ltalmit
803 4273 884 4354 opud
903 4269 1041 4352 equites:
1056 4270 1196 4356 Majores
1210 4297 1347 4344 seorsum
1357 4293 1449 4362 utque
