3218 5320
678 408 742 478 301

223 539 352 593 industrio
368 540 436 592 obelo
452 539 477 591 in
492 538 631 610 Hispania,
645 558 701 592 cum
714 547 782 593 esset
794 547 907 611 quaestor
920 540 966 592 sub
978 543 1071 592 Vetere
1085 539 1211 592 Antistio.
1224 571 1256 582 -

226 623 277 675 Sed
292 641 389 674 annum
404 635 543 693 quaesturae
558 641 634 674 nemo
647 621 733 674 adhue
747 623 884 676 indicavit.
900 621 991 674 Julius
1004 621 1099 674 Celsus
1114 622 1156 674 vel
1169 623 1258 693 potius

226 711 365 764 Petrareha
384 711 412 762 in
427 711 488 764 Vita
503 709 614 762 Caesaris
630 727 688 780 cap.
705 712 728 762 11
749 711 814 762 dicit
838 731 843 760 :
861 709 912 761 His
927 705 1026 760 exactis
1040 710 1144 760 Romam
1162 707 1255 772 rediit,

221 803 377 866 primusque
389 795 432 847 illi
441 795 515 848 lmus
520 795 581 862 fuit
594 795 742 848 tribunatus
756 795 875 858 mt'iitnrn,
886 795 912 846 in
925 812 975 864 quo
988 792 1089 864 quidem
1103 794 1259 847 tinmtnulatn

222 901 240 935 a
251 882 329 954 Sylla
341 881 502 936 trt'buniitittn
509 887 668 952 potestatem
681 883 822 934 resttluere
835 899 932 934 rumano
943 879 1031 934 rtudt'o
1044 879 1116 934 natus
1128 886 1179 932 est.
1193 881 1259 932 Inde

224 970 338 1034 quaestor
348 964 498 1018 altercarent
509 963 619 1016 sortitus
633 962 796 1033 Hispaniam·
806 993 839 1004 -
851 963 981 1018 Restituit
993 973 1081 1016 eutem
1095 960 1260 1014 tribunitiam

222 1059 380 1118 potestatem
391 1067 416 1100 e.
427 1050 460 1100 U.
473 1049 533 1100 ott.

186 1177 204 1210 a
213 1161 323 1228 Venere]
333 1159 455 1230 Respicit
468 1159 540 1210 hune
555 1157 642 1212 laeum
654 1157 775 1212 Velleius
784 1160 819 1222 ll,
830 1159 874 1210 11.

196 1274 288 1334 luet.
303 1273 386 1334 Dial.
397 1274 436 1334 de
447 1281 542 1336 orati.
555 1291 585 1334 e.
599 1273 636 1334 21
648 1292 657 1333 t
669 1269 910 1334 lnorationibns
920 1270 1253 1334 minoremesseCesn·
1291 1264 1354 1352 18l

150 1391 219 1434 rem
229 1373 311 1434 fama
326 1391 381 1436 sna
394 1373 487 1436 etiam
502 1373 709 1436 admiratores
716 1374 786 1456 ejus
795 1373 944 1444 latenter,
954 1393 1013 1435 nee
1023 1372 1089 1435 lere
1100 1372 1261 1453 qnisquam

149 1481 205 1530 aut
217 1469 353 1529 Coesurt‘s
364 1489 427 1547 pro
441 1471 536 1532 Decio
546 1471 685 1530 Samnite
699 1470 764 1556 (17)
781 1483 835 1534 aut
850 1469 945 1532 Bruti
957 1490 1017 1548 pro
1029 1471 1174 1530 Det'otnro
1188 1489 1262 1548 rege

147 1580 330 1650 ceterosque
340 1569 477 1651 ejusdem
491 1567 688 1634 lentitudinis
701 1591 737 1632 ac
750 1570 867 1654 teporis
880 1569 979 1632 libros
990 1565 1078 1649 legit,
1094 1568 1154 1634 nisi
1165 1570 1219 1650 qni
1230 1581 1262 1630 et

148 1665 291 1728 earmina
306 1667 476 1729 eorundem
490 1662 635 1728 mutate.

194 1767 282 1830 inter
299 1765 472 1844 fragmenta
488 1765 664 1828 orationum
678 1765 821 1840 Caesaris,
834 1783 902 1846 ane
911 1763 1150 1846 Oudendorpius
1163 1763 1256 1826 colle·

147 1861 208 1938 git,
225 1881 335 1924 errore
348 1858 462 1924 Oratio
482 1862 619 1942 quedam
637 1883 698 1942 pro
711 1863 844 1922 Sextilio
859 1857 1016 1940 adscripta
1036 1876 1100 1924 est:
1116 1859 1153 1924 C.
1168 1861 1252 1923 enirn

147 1960 264 2036 cesar,
280 1963 332 2042 qni
347 1978 405 2044 pro
417 1959 546 2025 Sextilio
560 1961 695 2036 dixerat,
713 1981 776 2024 non
795 1962 832 2025 C.
853 1962 919 2024 Jnl.
937 1961 1050 2037 Cesar,
1066 1963 1106 2024 de
1124 1981 1186 2041 qun
1204 1959 1258 2024 hie

153 2052 268 2135 agitur,
280 2069 339 2133 est,
353 2059 408 2120 sed
418 2057 567 2121 c..tutius
575 2055 812 2133 marsuano,
824 2056 912 2138 eujus
920 2075 1004 2120 mors
1013 2058 1047 2120 in
1058 2053 1165 2121 Cicer.
1174 2058 1257 2122 libro

147 2157 197 2218 De
210 2169 293 2220 orat.
306 2161 368 2231 111,
383 2159 414 2231 3,
427 2160 478 2232 10,
491 2171 651 2222 namur.
665 2161 745 2224 Vide
756 2179 850 2241 snpra
862 2180 894 2241 p.
909 2159 979 2222 162.

189 2256 301 2323 Oratio
316 2256 451 2323 cesaris
464 2261 513 2322 De
526 2257 701 2341 conjuratis
715 2262 797 2342 apud
811 2259 991 2322 Sallustium
1004 2257 1098 2322 Catil.
1116 2279 1145 2320 e.
1158 2257 1196 2320 51
1212 2257 1256 2320 le·

144 2357 242 2435 gitur.
255 2353 358 2446 [Coei.
373 2361 441 2422 Cic.
454 2361 533 2442 Epp.
547 2361 588 2422 ad
597 2363 664 2422 Att.
677 2359 751 2434 Xll,
765 2359 818 2421 22.
833 2359 995 2438 Egger.»
1005 2357 1095 2420 Alius
1105 2357 1257 2419 nandonis

46 2517 49 2521 .
145 2456 336 2518 mentionem
352 2459 438 2520 addit
453 2459 551 2532 idem,
565 2479 615 2542 ap.
632 2455 701 2520 Cic.
716 2460 794 2540 Epp.
808 2458 848 2519 ad
863 2451 928 2519 div.
940 2458 996 2532 lV,
1011 2455 1042 2526 1,
1057 2457 1097 2518 ad
1109 2455 1256 2519 Serviunt

144 2555 317 2639 Sulpicium
327 2577 336 2618 t
346 2582 361 2615 e
371 2561 420 2621 De
429 2559 582 2631 Marcelli,
597 2559 725 2638 college
739 2558 797 2633 tui,
812 2557 911 2620 salute
925 2558 1017 2640 paulo
1033 2569 1107 2618 ante
1119 2575 1211 2638 wem
1223 2568 1257 2616 tu

148 2657 368 2734 cognovimns:
385 2655 480 2720 etiam
495 2659 690 2731 mehercule,
705 2655 963 2738 quemadmodum
984 2677 1022 2718 ea
1041 2675 1093 2718 res
1111 2667 1257 2735 ageretur

144 2751 291 2812 vidimus.
308 2753 387 2813 Nem
400 2753 447 2814 sic
461 2753 527 2815 lere
542 2752 720 2816 existimes:
739 2755 882 2836 posthae
896 2751 1058 2824 miserias,
1070 2753 1103 2813 id
1117 2763 1165 2813 αι
1174 2767 1257 2832 post-

145 2866 238 2928 quam
260 2847 357 2910 armis
377 2848 545 2930 disceptari
563 2861 700 2932 eoeptnm
720 2863 767 2911 est
784 2851 824 2910 de
842 2847 914 2929 jure
932 2847 1071 2934 publico,
1093 2843 1172 2908 nihil
1190 2867 1257 2908 esse

144 2955 250 3004 aetum
263 2941 347 3008 alind
361 2964 432 3006 anm
447 2941 612 3024 dignitate.
631 2947 708 3009 Nam
723 2946 833 3028 etipse
844 2945 960 3019 Cesar,
973 2956 1120 3010 scemata
1136 2942 1257 3008 aterbi-

145 3052 211 3104 tate
221 3041 362 3106 Mareotti
373 3039 430 3124 (sie
445 3039 531 3108 enirn
546 3043 733 3128 appellabat)
745 3046 930 3124 laudataque
941 3040 1258 3111 honorificentissime

145 3149 180 3197 et
198 3134 344 3219 nequitate
367 3150 421 3200 tna
443 3150 476 3200 et
497 3138 676 3222 prudentia,
692 3153 823 3224 repente
845 3153 960 3226 preter
980 3160 1067 3224 spem
1086 3135 1187 3202 dixit:
1213 3141 1258 3200 Se

144 3242 263 3296 senatui
283 3243 403 3318 roganti
423 3241 461 3298 de
484 3242 631 3304 Marcello
653 3264 692 3303 ne
715 3240 853 3303 hominis
875 3244 999 3328 quidem
1019 3261 1111 3302 consa
1133 3257 1256 3321 negatu-

145 3355 226 3394 rum.
238 3329 274 3420 n]

188 3429 294 3498 Velius
304 3433 427 3512 langue
441 3435 490 3496 De
503 3435 644 3515 orthogn
666 3455 699 3517 p.
718 3436 803 3502 2211
821 3457 830 3496 z
846 3435 958 3496 Lutum
973 3448 1065 3518 atque
1088 3439 1252 3500 macellum

142 3530 347 3610 singulariter
359 3531 445 3596 exire
460 3547 626 3610 memento,
638 3534 712 3602 lieet
725 3535 892 3596 Memmius
907 3539 966 3596 isto
981 3531 1208 3599 ntaeelIodient
1219 3550 1252 3598 et

146 3630 261 3692 Cesar
271 3631 346 3690 luto.

187 3728 286 3810 Epist.
300 3731 343 3792 11.
356 3731 466 3794 Aurei.
477 3730 611 3800 &saus
623 3733 663 3798 ad
673 3732 866 3796 Frontonem
880 3733 919 3814 (1,
932 3733 962 3808 9,
973 3752 1005 3812 p.
1017 3731 1053 3794 21
1068 3733 1119 3794 ed.
1129 3733 1252 3813 Romi:

145 3830 305 3892 Materiam
318 3842 483 3894 ementem
497 3832 610 3894 misisti
623 3832 713 3909 milti,
729 3835 861 3896 nendum
875 3833 937 3912 legi
949 3825 1122 3897 (minnan
1147 3853 1255 3898 exner-

145 3943 245 4009 ptnm,
265 3931 347 4011 quod
367 3927 493 4005 misisti,
516 3952 576 3996 nee
597 3932 699 4013 legam
713 3929 801 4014 prins
815 3953 908 4016 quern
922 3951 1031 3996 sensnt
1043 3931 1110 4015 ipse
1124 3949 1255 3998 venatus

145 4031 245 4092 luero.
261 4031 327 4092 Sed
333 4052 391 4112 'nne
403 4031 539 4094 Caesaris
553 4037 651 4094 οναιίο
666 4038 752 4094 rancis
767 4034 919 4115 unguibus
930 4038 1046 4094 munet.
1063 4035 1153 4098 Nune
1165 4033 1255 4098 deni-

147 4151 205 4210 qne
222 4131 339 4203 sentio,
356 4147 504 4210 qnantum
520 4133 696 4216 operient,
714 4136 886 4200 ternosrel
902 4135 1010 4216 quinos
1025 4154 1132 4198 versus
1150 4134 1183 4195 in
1203 4132 1254 4195 die

143 4247 258 4292 ornare
271 4242 303 4290 et
316 4227 433 4310 aliquid
447 4231 499 4294 din
511 4230 661 4294 seribere.
