<?xml version="1.0" encoding="UTF-8"?>
<!DOCTYPE html PUBLIC "-//W3C//DTD XHTML 1.0 Transitional//EN"
    "http://www.w3.org/TR/xhtml1/DTD/xhtml1-transitional.dtd">
<html xmlns="http://www.w3.org/1999/xhtml" xml:lang="en" lang="en">
 <head>
  <title>
</title>
<meta http-equiv="Content-Type" content="text/html;charset=utf-8" />
  <meta name='ocr-system' content='tesseract 3.04.00' />
  <meta name='ocr-capabilities' content='ocr_page ocr_carea ocr_par ocr_line ocrx_word'/>
</head>
<body>
  <div class='ocr_page' id='page_1' title='image "./oratorumromanor01meyegoog_0185.png"; bbox 0 0 3212 5326; ppageno 0'>
   <div class='ocr_carea' id='block_1_1' title="bbox 865 397 930 468">
    <p class='ocr_par' dir='ltr' id='par_1_1' title="bbox 865 397 930 468">
     <span class='ocr_line' id='line_1_1' title="bbox 865 397 930 468; baseline 0 0"><span class='ocrx_word' id='word_1_1' title='bbox 865 397 930 468; x_wconf 80' lang='grc'><em>163</em></span> 
     </span>
    </p>
   </div>
   <div class='ocr_carea' id='block_1_2' title="bbox 260 533 1445 2468">
    <p class='ocr_par' dir='ltr' id='par_1_2' title="bbox 260 533 1445 1984">
     <span class='ocr_line' id='line_1_2' title="bbox 343 533 1445 626; baseline -0.002 -25"><span class='ocrx_word' id='word_1_2' title='bbox 343 540 486 626; x_wconf 87' lang='lat' dir='ltr'><em>populum</em></span> <span class='ocrx_word' id='word_1_3' title='bbox 501 536 574 618; x_wconf 83' lang='lat' dir='ltr'><em>agit.</em></span> <span class='ocrx_word' id='word_1_4' title='bbox 603 537 703 618; x_wconf 82' lang='lat' dir='ltr'><em>Quum</em></span> <span class='ocrx_word' id='word_1_5' title='bbox 721 537 803 594; x_wconf 76' lang='lat' dir='ltr'><em>erum</em></span> <span class='ocrx_word' id='word_1_6' title='bbox 821 533 859 594; x_wconf 86' lang='lat'><em>1..</em></span> <span class='ocrx_word' id='word_1_7' title='bbox 877 534 1059 594; x_wconf 80' lang='lat' dir='ltr'><em>Scribonius</em></span> <span class='ocrx_word' id='word_1_8' title='bbox 1073 533 1136 617; x_wconf 84' lang='lat' dir='ltr'><em>(qui</em></span> <span class='ocrx_word' id='word_1_9' title='bbox 1149 553 1245 616; x_wconf 85' lang='lat' dir='ltr'><em>usque</em></span> <span class='ocrx_word' id='word_1_10' title='bbox 1260 536 1299 596; x_wconf 87' lang='lat' dir='ltr'><em>ad</em></span> <span class='ocrx_word' id='word_1_11' title='bbox 1314 537 1445 600; x_wconf 84' lang='lat' dir='ltr'><em>novissi-</em></span> 
     </span>
     <span class='ocr_line' id='line_1_3' title="bbox 342 632 1442 718; baseline -0.003 -14"><span class='ocrx_word' id='word_1_12' title='bbox 342 662 425 705; x_wconf 89' lang='lat' dir='ltr'><em>mam</em></span> <span class='ocrx_word' id='word_1_13' title='bbox 442 639 517 704; x_wconf 88' lang='lat' dir='ltr'><em>edit.</em></span> <span class='ocrx_word' id='word_1_14' title='bbox 529 635 640 702; x_wconf 87' lang='lat' dir='ltr'><em>Orellii</em></span> <span class='ocrx_word' id='word_1_15' title='bbox 658 632 692 698; x_wconf 89' lang='lat' dir='ltr'><em>in</em></span> <span class='ocrx_word' id='word_1_16' title='bbox 709 637 805 696; x_wconf 81' lang='lat' dir='ltr'><em>Bruto</em></span> <span class='ocrx_word' id='word_1_17' title='bbox 823 633 926 697; x_wconf 76' lang='lat' dir='ltr'><em>Cicer.</em></span> <span class='ocrx_word' id='word_1_18' title='bbox 946 654 975 696; x_wconf 87' lang='lat' dir='ltr'><em>c.</em></span> <span class='ocrx_word' id='word_1_19' title='bbox 990 634 1043 711; x_wconf 85' lang='grc'><em>23,</em></span> <span class='ocrx_word' id='word_1_20' title='bbox 1063 633 1101 696; x_wconf 91' lang='grc' dir='ltr'><em>Τ.</em></span> <span class='ocrx_word' id='word_1_21' title='bbox 1114 633 1195 694; x_wconf 86' lang='lat' dir='ltr'><em>Libo</em></span> <span class='ocrx_word' id='word_1_22' title='bbox 1209 635 1442 718; x_wconf 80' lang='lat' dir='ltr'><strong>nominabatur)</strong></span> 
     </span>
     <span class='ocr_line' id='line_1_4' title="bbox 341 730 1442 816; baseline -0.001 -20"><span class='ocrx_word' id='word_1_23' title='bbox 341 737 481 798; x_wconf 84' lang='lat' dir='ltr'><em>tribunus</em></span> <span class='ocrx_word' id='word_1_24' title='bbox 491 733 536 814; x_wconf 88' lang='lat' dir='ltr'><em>pl.</em></span> <span class='ocrx_word' id='word_1_25' title='bbox 550 735 742 811; x_wconf 78' lang='lat' dir='ltr'><em>rogationem</em></span> <span class='ocrx_word' id='word_1_26' title='bbox 756 730 998 811; x_wconf 79' lang='lat' dir='ltr'><em>promulgasset,</em></span> <span class='ocrx_word' id='word_1_27' title='bbox 1016 747 1047 794; x_wconf 88' lang='lat' dir='ltr'><em>ut</em></span> <span class='ocrx_word' id='word_1_28' title='bbox 1062 730 1218 801; x_wconf 78' lang='lat' dir='ltr'><em>Lusitani,</em></span> <span class='ocrx_word' id='word_1_29' title='bbox 1233 737 1289 816; x_wconf 85' lang='lat' dir='ltr'><em>qui</em></span> <span class='ocrx_word' id='word_1_30' title='bbox 1304 734 1442 815; x_wconf 77' lang='lat' dir='ltr'><em>infidam</em></span> 
     </span>
     <span class='ocr_line' id='line_1_5' title="bbox 336 819 1443 916; baseline -0.002 -20"><span class='ocrx_word' id='word_1_31' title='bbox 336 819 443 916; x_wconf 82' lang='lat' dir='ltr'><em>populi</em></span> <span class='ocrx_word' id='word_1_32' title='bbox 451 835 585 894; x_wconf 80' lang='lat' dir='ltr'><em>Romani</em></span> <span class='ocrx_word' id='word_1_33' title='bbox 594 832 698 906; x_wconf 86' lang='lat' dir='ltr'><em>dediti,</em></span> <span class='ocrx_word' id='word_1_34' title='bbox 709 853 730 892; x_wconf 85' lang='lat' dir='ltr'><em>a</em></span> <span class='ocrx_word' id='word_1_35' title='bbox 740 831 813 892; x_wconf 88' lang='lat' dir='ltr'><em>Ser.</em></span> <span class='ocrx_word' id='word_1_36' title='bbox 828 829 929 890; x_wconf 86' lang='lat' dir='ltr'><em>Galba</em></span> <span class='ocrx_word' id='word_1_37' title='bbox 940 835 972 890; x_wconf 85' lang='lat' dir='ltr'><em>ia</em></span> <span class='ocrx_word' id='word_1_38' title='bbox 984 829 1121 892; x_wconf 84' lang='lat' dir='ltr'><em>Galliam</em></span> <span class='ocrx_word' id='word_1_39' title='bbox 1133 834 1298 907; x_wconf 80' lang='lat' dir='ltr'><em>venisseut,</em></span> <span class='ocrx_word' id='word_1_40' title='bbox 1309 836 1340 890; x_wconf 87' lang='lat' dir='ltr'><em>in</em></span> <span class='ocrx_word' id='word_1_41' title='bbox 1349 833 1443 893; x_wconf 84' lang='lat' dir='ltr'><em>liber-</em></span> 
     </span>
     <span class='ocr_line' id='line_1_6' title="bbox 338 931 1445 1004; baseline -0.004 -10"><span class='ocrx_word' id='word_1_42' title='bbox 338 950 433 994; x_wconf 84' lang='lat' dir='ltr'><em>tatem</em></span> <span class='ocrx_word' id='word_1_43' title='bbox 453 936 692 1004; x_wconf 72' lang='lat' dir='ltr'><em>retribuerentur,</em></span> <span class='ocrx_word' id='word_1_44' title='bbox 711 932 758 994; x_wconf 91' lang='lat' dir='ltr'><em>M.</em></span> <span class='ocrx_word' id='word_1_45' title='bbox 775 931 851 991; x_wconf 87' lang='lat' dir='ltr'><em>Cato</em></span> <span class='ocrx_word' id='word_1_46' title='bbox 872 935 1027 991; x_wconf 82' lang='lat' dir='ltr'><em>acerrime</em></span> <span class='ocrx_word' id='word_1_47' title='bbox 1045 933 1150 992; x_wconf 80' lang='lat' dir='ltr'><em>suasit.</em></span> <span class='ocrx_word' id='word_1_48' title='bbox 1173 931 1397 992; x_wconf 73' lang='lat' dir='ltr'><em>Eustatorotio</em></span> <span class='ocrx_word' id='word_1_49' title='bbox 1410 938 1445 991; x_wconf 85' lang='lat' dir='ltr'><em>in</em></span> 
     </span>
     <span class='ocr_line' id='line_1_7' title="bbox 337 1023 1442 1112; baseline -0.002 -22"><span class='ocrx_word' id='word_1_50' title='bbox 337 1029 513 1090; x_wconf 83' lang='lat' dir='ltr'><em>Annalibus</em></span> <span class='ocrx_word' id='word_1_51' title='bbox 524 1023 593 1110; x_wconf 73' lang='lat' dir='ltr'><em>ejus</em></span> <span class='ocrx_word' id='word_1_52' title='bbox 604 1027 733 1088; x_wconf 87' lang='lat' dir='ltr'><em>inclusa.</em></span> <span class='ocrx_word' id='word_1_53' title='bbox 758 1029 799 1112; x_wconf 81' lang='lat' dir='ltr'><em>Q.</em></span> <span class='ocrx_word' id='word_1_54' title='bbox 819 1027 946 1090; x_wconf 84' lang='lat' dir='ltr'><em>Fulvius</em></span> <span class='ocrx_word' id='word_1_55' title='bbox 965 1027 1116 1098; x_wconf 78' lang='lat' dir='ltr'><em>Nobilior,</em></span> <span class='ocrx_word' id='word_1_56' title='bbox 1142 1043 1172 1086; x_wconf 87' lang='lat' dir='ltr'><em>et</em></span> <span class='ocrx_word' id='word_1_57' title='bbox 1194 1049 1276 1108; x_wconf 77' lang='lat' dir='ltr'><em>stupe</em></span> <span class='ocrx_word' id='word_1_58' title='bbox 1295 1028 1335 1088; x_wconf 86' lang='lat' dir='ltr'><em>ab</em></span> <span class='ocrx_word' id='word_1_59' title='bbox 1351 1050 1389 1088; x_wconf 84' lang='lat' dir='ltr'><em>eo</em></span> <span class='ocrx_word' id='word_1_60' title='bbox 1409 1035 1442 1088; x_wconf 85' lang='lat' dir='ltr'><em>in</em></span> 
     </span>
     <span class='ocr_line' id='line_1_8' title="bbox 337 1125 1442 1212; baseline -0.003 -22"><span class='ocrx_word' id='word_1_61' title='bbox 337 1144 442 1190; x_wconf 86' lang='lat' dir='ltr'><em>senatu</em></span> <span class='ocrx_word' id='word_1_62' title='bbox 457 1129 620 1200; x_wconf 84' lang='lat' dir='ltr'><em>laceratus,</em></span> <span class='ocrx_word' id='word_1_63' title='bbox 641 1127 799 1206; x_wconf 79' lang='lat' dir='ltr'><em>respondit</em></span> <span class='ocrx_word' id='word_1_64' title='bbox 813 1147 872 1206; x_wconf 85' lang='lat' dir='ltr'><em>pro</em></span> <span class='ocrx_word' id='word_1_65' title='bbox 885 1125 998 1186; x_wconf 85' lang='lat' dir='ltr'><em>Galba.</em></span> <span class='ocrx_word' id='word_1_66' title='bbox 1020 1128 1093 1208; x_wconf 86' lang='lat' dir='ltr'><em>Ipse</em></span> <span class='ocrx_word' id='word_1_67' title='bbox 1108 1148 1227 1212; x_wconf 80' lang='lat' dir='ltr'><em>quoque</em></span> <span class='ocrx_word' id='word_1_68' title='bbox 1240 1127 1352 1196; x_wconf 82' lang='lat' dir='ltr'><em>Galba,</em></span> <span class='ocrx_word' id='word_1_69' title='bbox 1368 1149 1442 1187; x_wconf 85' lang='lat' dir='ltr'><em>cum</em></span> 
     </span>
     <span class='ocr_line' id='line_1_9' title="bbox 337 1223 1443 1306; baseline -0.002 -20"><span class='ocrx_word' id='word_1_70' title='bbox 337 1247 370 1286; x_wconf 84' lang='lat' dir='ltr'><em>se</em></span> <span class='ocrx_word' id='word_1_71' title='bbox 380 1227 525 1285; x_wconf 78' lang='lat' dir='ltr'><em>damnari</em></span> <span class='ocrx_word' id='word_1_72' title='bbox 532 1225 664 1298; x_wconf 83' lang='lat' dir='ltr'><em>videret,</em></span> <span class='ocrx_word' id='word_1_73' title='bbox 677 1223 859 1304; x_wconf 82' lang='lat' dir='ltr'><em>complexus</em></span> <span class='ocrx_word' id='word_1_74' title='bbox 871 1225 947 1286; x_wconf 88' lang='lat' dir='ltr'><em>duos</em></span> <span class='ocrx_word' id='word_1_75' title='bbox 946 1225 1040 1306; x_wconf 84' lang='lat' dir='ltr'><em>filios</em></span> <span class='ocrx_word' id='word_1_76' title='bbox 1048 1239 1265 1305; x_wconf 73' lang='lat' dir='ltr'><em>praetextatos,</em></span> <span class='ocrx_word' id='word_1_77' title='bbox 1276 1240 1309 1284; x_wconf 87' lang='lat' dir='ltr'><em>et</em></span> <span class='ocrx_word' id='word_1_78' title='bbox 1315 1225 1443 1305; x_wconf 82' lang='lat' dir='ltr'><em>Sulpicii</em></span> 
     </span>
     <span class='ocr_line' id='line_1_10' title="bbox 338 1315 1438 1405; baseline -0.003 -20"><span class='ocrx_word' id='word_1_79' title='bbox 338 1323 551 1405; x_wconf 81' lang='lat' dir='ltr'><em>Gallistlium,</em></span> <span class='ocrx_word' id='word_1_80' title='bbox 563 1315 652 1402; x_wconf 85' lang='lat' dir='ltr'><em>cujus</em></span> <span class='ocrx_word' id='word_1_81' title='bbox 664 1335 746 1380; x_wconf 86' lang='lat' dir='ltr'><em>tutor</em></span> <span class='ocrx_word' id='word_1_82' title='bbox 757 1337 836 1393; x_wconf 88' lang='lat' dir='ltr'><em>erat,</em></span> <span class='ocrx_word' id='word_1_83' title='bbox 848 1325 890 1380; x_wconf 89' lang='lat' dir='ltr'><em>ita</em></span> <span class='ocrx_word' id='word_1_84' title='bbox 906 1320 1122 1382; x_wconf 74' lang='lat' dir='ltr'><em>miserabiliter</em></span> <span class='ocrx_word' id='word_1_85' title='bbox 1133 1342 1194 1402; x_wconf 89' lang='lat' dir='ltr'><em>pro</em></span> <span class='ocrx_word' id='word_1_86' title='bbox 1207 1341 1240 1384; x_wconf 85' lang='lat' dir='ltr'><em>se</em></span> <span class='ocrx_word' id='word_1_87' title='bbox 1251 1322 1371 1382; x_wconf 86' lang='lat' dir='ltr'><em>loeutus</em></span> <span class='ocrx_word' id='word_1_88' title='bbox 1380 1339 1438 1396; x_wconf 86' lang='lat' dir='ltr'><em>est,</em></span> 
     </span>
     <span class='ocr_line' id='line_1_11' title="bbox 336 1419 1440 1505; baseline 0.003 -25"><span class='ocrx_word' id='word_1_89' title='bbox 336 1439 366 1482; x_wconf 84' lang='lat' dir='ltr'><em>ut</em></span> <span class='ocrx_word' id='word_1_90' title='bbox 377 1427 498 1502; x_wconf 81' lang='lat' dir='ltr'><em>rogatio</em></span> <span class='ocrx_word' id='word_1_91' title='bbox 512 1425 731 1505; x_wconf 69' lang='lat' dir='ltr'><em>antiquaretur.</em></span> <span class='ocrx_word' id='word_1_92' title='bbox 748 1421 823 1482; x_wconf 80' lang='lat' dir='ltr'><em>liaeo</em></span> <span class='ocrx_word' id='word_1_93' title='bbox 838 1421 872 1482; x_wconf 89' lang='lat' dir='ltr'><em>iu</em></span> <span class='ocrx_word' id='word_1_94' title='bbox 883 1421 1026 1503; x_wconf 87' lang='lat' dir='ltr'><em>Epitome</em></span> <span class='ocrx_word' id='word_1_95' title='bbox 1037 1419 1118 1484; x_wconf 79' lang='lat' dir='ltr'><em>Livii</em></span> <span class='ocrx_word' id='word_1_96' title='bbox 1128 1423 1239 1484; x_wconf 85' lang='lat' dir='ltr'>XLIX.</span> <span class='ocrx_word' id='word_1_97' title='bbox 1257 1423 1327 1485; x_wconf 82' lang='lat' dir='ltr'><em>Ser.</em></span> <span class='ocrx_word' id='word_1_98' title='bbox 1339 1423 1440 1486; x_wconf 92' lang='lat' dir='ltr'><em>Galba</em></span> 
     </span>
     <span class='ocr_line' id='line_1_12' title="bbox 336 1510 1440 1600; baseline -0.002 -18"><span class='ocrx_word' id='word_1_99' title='bbox 336 1533 383 1582; x_wconf 85' lang='lat' dir='ltr'><em>est</em></span> <span class='ocrx_word' id='word_1_100' title='bbox 397 1515 526 1582; x_wconf 81' lang='lat' dir='ltr'><em>Servius</em></span> <span class='ocrx_word' id='word_1_101' title='bbox 538 1510 693 1598; x_wconf 81' lang='lat' dir='ltr'><em>Sulpicius</em></span> <span class='ocrx_word' id='word_1_102' title='bbox 703 1515 817 1591; x_wconf 82' lang='lat' dir='ltr'><em>Galba,</em></span> <span class='ocrx_word' id='word_1_103' title='bbox 837 1529 946 1578; x_wconf 87' lang='lat' dir='ltr'><em>orator</em></span> <span class='ocrx_word' id='word_1_104' title='bbox 959 1516 1120 1592; x_wconf 81' lang='lat' dir='ltr'><em>suasimus,</em></span> <span class='ocrx_word' id='word_1_105' title='bbox 1138 1519 1177 1580; x_wconf 84' lang='lat' dir='ltr'><em>de</em></span> <span class='ocrx_word' id='word_1_106' title='bbox 1191 1518 1280 1600; x_wconf 84' lang='lat' dir='ltr'><em>cujus</em></span> <span class='ocrx_word' id='word_1_107' title='bbox 1293 1520 1440 1580; x_wconf 87' lang='lat' dir='ltr'><em>orationi·</em></span> 
     </span>
     <span class='ocr_line' id='line_1_13' title="bbox 336 1614 1435 1694; baseline 0.002 -16"><span class='ocrx_word' id='word_1_108' title='bbox 336 1619 394 1679; x_wconf 85' lang='lat' dir='ltr'><em>bus</em></span> <span class='ocrx_word' id='word_1_109' title='bbox 406 1616 490 1678; x_wconf 86' lang='lat' dir='ltr'><em>inira</em></span> <span class='ocrx_word' id='word_1_110' title='bbox 504 1616 638 1676; x_wconf 83' lang='lat' dir='ltr'><em>dicetur.</em></span> <span class='ocrx_word' id='word_1_111' title='bbox 654 1615 727 1680; x_wconf 79' lang='lat' dir='ltr'><em>Vitl.</em></span> <span class='ocrx_word' id='word_1_112' title='bbox 749 1614 815 1676; x_wconf 86' lang='lat' dir='ltr'><em>Cio.</em></span> <span class='ocrx_word' id='word_1_113' title='bbox 838 1616 885 1676; x_wconf 87' lang='lat' dir='ltr'><em>De</em></span> <span class='ocrx_word' id='word_1_114' title='bbox 904 1627 985 1677; x_wconf 79' lang='lat' dir='ltr'><em>orat.</em></span> <span class='ocrx_word' id='word_1_115' title='bbox 1006 1617 1034 1690; x_wconf 89' lang='lat'><em>1,</em></span> <span class='ocrx_word' id='word_1_116' title='bbox 1049 1615 1107 1690; x_wconf 78' lang='lat'><em>533</em></span> <span class='ocrx_word' id='word_1_117' title='bbox 1129 1617 1219 1680; x_wconf 85' lang='lat' dir='ltr'><strong>Brut.</strong></span> <span class='ocrx_word' id='word_1_118' title='bbox 1233 1637 1263 1678; x_wconf 87' lang='lat' dir='ltr'><em>o.</em></span> <span class='ocrx_word' id='word_1_119' title='bbox 1277 1617 1317 1680; x_wconf 80' lang='lat'><em>20</em></span> <span class='ocrx_word' id='word_1_120' title='bbox 1330 1630 1361 1679; x_wconf 88' lang='lat' dir='ltr'><em>et</em></span> <span class='ocrx_word' id='word_1_121' title='bbox 1376 1619 1435 1694; x_wconf 66' lang='lat'><em>235</em></span> 
     </span>
     <span class='ocr_line' id='line_1_14' title="bbox 335 1710 1436 1802; baseline 0 -26"><span class='ocrx_word' id='word_1_122' title='bbox 335 1714 469 1798; x_wconf 75' lang='lat' dir='ltr'><em>Quintil:</em></span> <span class='ocrx_word' id='word_1_123' title='bbox 490 1715 529 1784; x_wconf 90' lang='grc'><em>11,</em></span> <span class='ocrx_word' id='word_1_124' title='bbox 544 1713 596 1791; x_wconf 85' lang='grc'><em>15,</em></span> <span class='ocrx_word' id='word_1_125' title='bbox 610 1711 647 1784; x_wconf 89' lang='grc'><em>8;</em></span> <span class='ocrx_word' id='word_1_126' title='bbox 667 1711 763 1774; x_wconf 78' lang='lat' dir='ltr'><em>Coun.</em></span> <span class='ocrx_word' id='word_1_127' title='bbox 777 1715 857 1794; x_wconf 86' lang='lat' dir='ltr'><strong>Nep.</strong></span> <span class='ocrx_word' id='word_1_128' title='bbox 870 1711 940 1775; x_wconf 91' lang='lat' dir='ltr'><em>Cat.</em></span> <span class='ocrx_word' id='word_1_129' title='bbox 955 1731 984 1774; x_wconf 86' lang='lat' dir='ltr'><em>e.</em></span> <span class='ocrx_word' id='word_1_130' title='bbox 1000 1713 1017 1774; x_wconf 83' lang='lat'><strong>3</strong></span> <span class='ocrx_word' id='word_1_131' title='bbox 1026 1740 1035 1792; x_wconf 81' lang='lat'>5</span> <span class='ocrx_word' id='word_1_132' title='bbox 1058 1713 1142 1776; x_wconf 84' lang='lat' dir='ltr'><em>Suet.</em></span> <span class='ocrx_word' id='word_1_133' title='bbox 1156 1713 1253 1780; x_wconf 90' lang='lat' dir='ltr'><em>Galb.</em></span> <span class='ocrx_word' id='word_1_134' title='bbox 1266 1735 1296 1776; x_wconf 87' lang='lat' dir='ltr'><em>c.</em></span> <span class='ocrx_word' id='word_1_135' title='bbox 1313 1716 1330 1776; x_wconf 87' lang='grc'><strong>3</strong></span> <span class='ocrx_word' id='word_1_136' title='bbox 1347 1710 1436 1802; x_wconf 87' lang='lat' dir='ltr'><em>[ibiq.</em></span> 
     </span>
     <span class='ocr_line' id='line_1_15' title="bbox 260 1801 1434 1898; baseline -0.004 -22"><span class='ocrx_word' id='word_1_137' title='bbox 260 1801 265 1812; x_wconf 72' lang='grc'><strong>’</strong></span> <span class='ocrx_word' id='word_1_138' title='bbox 335 1812 488 1886; x_wconf 46' lang='lat' dir='ltr'><em>cauata</em></span> <span class='ocrx_word' id='word_1_139' title='bbox 503 1812 586 1873; x_wconf 86' lang='lat' dir='ltr'><em>Plut.</em></span> <span class='ocrx_word' id='word_1_140' title='bbox 600 1810 671 1873; x_wconf 90' lang='lat' dir='ltr'><em>Cat.</em></span> <span class='ocrx_word' id='word_1_141' title='bbox 686 1830 714 1871; x_wconf 88' lang='lat' dir='ltr'><em>e.</em></span> <span class='ocrx_word' id='word_1_142' title='bbox 730 1810 786 1887; x_wconf 74' lang='lat'><em>153</em></span> <span class='ocrx_word' id='word_1_143' title='bbox 803 1809 869 1872; x_wconf 90' lang='lat' dir='ltr'><em>Cic.</em></span> <span class='ocrx_word' id='word_1_144' title='bbox 885 1813 947 1874; x_wconf 89' lang='lat' dir='ltr'><em>Pro</em></span> <span class='ocrx_word' id='word_1_145' title='bbox 958 1811 1081 1874; x_wconf 82' lang='lat' dir='ltr'><em>Mareu.</em></span> <span class='ocrx_word' id='word_1_146' title='bbox 1095 1833 1123 1874; x_wconf 89' lang='lat' dir='ltr'><em>e.</em></span> <span class='ocrx_word' id='word_1_147' title='bbox 1138 1808 1434 1898; x_wconf 67' lang='lat' dir='ltr'><em>28,59.1s&#39;tunut.];</em></span> 
     </span>
     <span class='ocr_line' id='line_1_16' title="bbox 334 1907 889 1984; baseline -0.009 -9"><span class='ocrx_word' id='word_1_148' title='bbox 334 1911 403 1976; x_wconf 90' lang='lat' dir='ltr'><em>Val.</em></span> <span class='ocrx_word' id='word_1_149' title='bbox 418 1909 591 1978; x_wconf 72' lang='lat' dir='ltr'><em>blamVffl,</em></span> <span class='ocrx_word' id='word_1_150' title='bbox 608 1907 636 1982; x_wconf 92' lang='grc'><em>1,</em></span> <span class='ocrx_word' id='word_1_151' title='bbox 650 1908 682 1980; x_wconf 78' lang='grc'><em>2,</em></span> <span class='ocrx_word' id='word_1_152' title='bbox 695 1909 766 1984; x_wconf 80' lang='lat' dir='ltr'><em>etl,</em></span> <span class='ocrx_word' id='word_1_153' title='bbox 784 1907 812 1980; x_wconf 86' lang='lat' dir='ltr'><em>l,</em></span> <span class='ocrx_word' id='word_1_154' title='bbox 824 1921 889 1972; x_wconf 86' lang='lat' dir='ltr'><em>ete.</em></span> 
     </span>
    </p>

    <p class='ocr_par' dir='ltr' id='par_1_3' title="bbox 333 2002 1437 2468">
     <span class='ocr_line' id='line_1_17' title="bbox 376 2002 1431 2087; baseline -0.002 -17"><span class='ocrx_word' id='word_1_155' title='bbox 376 2006 498 2072; x_wconf 86' lang='lat' dir='ltr'><em>Gellius</em></span> <span class='ocrx_word' id='word_1_156' title='bbox 506 2003 641 2086; x_wconf 76' lang='lat' dir='ltr'><strong>x111,24</strong></span> <span class='ocrx_word' id='word_1_157' title='bbox 651 2025 659 2064; x_wconf 75' lang='lat' dir='ltr'><strong><em>z</em></strong></span> <span class='ocrx_word' id='word_1_158' title='bbox 671 2003 749 2067; x_wconf 84' lang='lat' dir='ltr'><em>Cato</em></span> <span class='ocrx_word' id='word_1_159' title='bbox 762 2024 802 2066; x_wconf 84' lang='lat' dir='ltr'><em>ex</em></span> <span class='ocrx_word' id='word_1_160' title='bbox 814 2002 978 2084; x_wconf 85' lang='lat' dir='ltr'><em>Originum</em></span> <span class='ocrx_word' id='word_1_161' title='bbox 991 2005 1122 2086; x_wconf 83' lang='lat' dir='ltr'><em>septimo</em></span> <span class='ocrx_word' id='word_1_162' title='bbox 1133 2003 1167 2068; x_wconf 95' lang='lat' dir='ltr'><em>in</em></span> <span class='ocrx_word' id='word_1_163' title='bbox 1177 2005 1332 2078; x_wconf 87' lang='lat' dir='ltr'><em>oratione,</em></span> <span class='ocrx_word' id='word_1_164' title='bbox 1342 2027 1431 2087; x_wconf 89' lang='lat' dir='ltr'><em>quam</em></span> 
     </span>
     <span class='ocr_line' id='line_1_18' title="bbox 333 2101 1437 2186; baseline -0.002 -20"><span class='ocrx_word' id='word_1_165' title='bbox 333 2116 445 2166; x_wconf 84' lang='lat' dir='ltr'><em>eontra</em></span> <span class='ocrx_word' id='word_1_166' title='bbox 464 2105 533 2167; x_wconf 84' lang='lat' dir='ltr'><em>Ser.</em></span> <span class='ocrx_word' id='word_1_167' title='bbox 550 2101 686 2167; x_wconf 78' lang='lat' dir='ltr'><em>Galbam</em></span> <span class='ocrx_word' id='word_1_168' title='bbox 703 2101 797 2174; x_wconf 83' lang='lat' dir='ltr'><em>dixit,</em></span> <span class='ocrx_word' id='word_1_169' title='bbox 817 2103 1026 2184; x_wconf 80' lang='lat' dir='ltr'><em>compluribus</em></span> <span class='ocrx_word' id='word_1_170' title='bbox 1044 2101 1204 2166; x_wconf 84' lang='lat' dir='ltr'><em>vocabulis</em></span> <span class='ocrx_word' id='word_1_171' title='bbox 1217 2123 1310 2186; x_wconf 86' lang='lat' dir='ltr'><em>super</em></span> <span class='ocrx_word' id='word_1_172' title='bbox 1329 2105 1437 2166; x_wconf 86' lang='lat' dir='ltr'><em>eadem</em></span> 
     </span>
     <span class='ocr_line' id='line_1_19' title="bbox 335 2199 1436 2283; baseline -0.003 -17"><span class='ocrx_word' id='word_1_173' title='bbox 335 2223 370 2266; x_wconf 83' lang='lat' dir='ltr'><em>re</em></span> <span class='ocrx_word' id='word_1_174' title='bbox 383 2223 455 2266; x_wconf 88' lang='lat' dir='ltr'><em>usus</em></span> <span class='ocrx_word' id='word_1_175' title='bbox 468 2215 514 2264; x_wconf 82' lang='lat' dir='ltr'><em>est</em></span> <span class='ocrx_word' id='word_1_176' title='bbox 538 2222 546 2261; x_wconf 75' lang='grc' dir='ltr'><strong><em>ε</em></strong></span> <span class='ocrx_word' id='word_1_177' title='bbox 576 2201 673 2260; x_wconf 85' lang='lat' dir='ltr'><em>Multa</em></span> <span class='ocrx_word' id='word_1_178' title='bbox 690 2220 740 2258; x_wconf 87' lang='lat' dir='ltr'><em>me</em></span> <span class='ocrx_word' id='word_1_179' title='bbox 756 2199 913 2260; x_wconf 77' lang='lat' dir='ltr'><em>dehortata</em></span> <span class='ocrx_word' id='word_1_180' title='bbox 932 2217 999 2262; x_wconf 83' lang='lat' dir='ltr'><em>suut</em></span> <span class='ocrx_word' id='word_1_181' title='bbox 1015 2201 1073 2262; x_wconf 79' lang='lat' dir='ltr'><em>luto</em></span> <span class='ocrx_word' id='word_1_182' title='bbox 1089 2205 1225 2283; x_wconf 87' lang='lat' dir='ltr'><em>prodire,</em></span> <span class='ocrx_word' id='word_1_183' title='bbox 1242 2208 1328 2276; x_wconf 84' lang='lat' dir='ltr'><em>unni,</em></span> <span class='ocrx_word' id='word_1_184' title='bbox 1348 2220 1436 2278; x_wconf 68' lang='lat' dir='ltr'><em>astos,</em></span> 
     </span>
     <span class='ocr_line' id='line_1_20' title="bbox 334 2305 1436 2384; baseline 0 -20"><span class='ocrx_word' id='word_1_185' title='bbox 334 2325 414 2378; x_wconf 78' lang='lat' dir='ltr'><em>vox,</em></span> <span class='ocrx_word' id='word_1_186' title='bbox 427 2308 525 2372; x_wconf 74' lang='lat' dir='ltr'><em>viret,</em></span> <span class='ocrx_word' id='word_1_187' title='bbox 544 2315 700 2361; x_wconf 79' lang='lat' dir='ltr'><em>senectus.-</em></span> <span class='ocrx_word' id='word_1_188' title='bbox 710 2320 820 2359; x_wconf 82' lang='lat' dir='ltr'><em>oerum</em></span> <span class='ocrx_word' id='word_1_189' title='bbox 831 2305 987 2366; x_wconf 77' lang='lat' dir='ltr'><em>enimuero</em></span> <span class='ocrx_word' id='word_1_190' title='bbox 1004 2323 1074 2364; x_wconf 84' lang='lat' dir='ltr'><em>eum</em></span> <span class='ocrx_word' id='word_1_191' title='bbox 1085 2318 1203 2364; x_wconf 87' lang='lat' dir='ltr'><em>tantum</em></span> <span class='ocrx_word' id='word_1_192' title='bbox 1213 2325 1281 2364; x_wconf 90' lang='lat' dir='ltr'><em>rem</em></span> <span class='ocrx_word' id='word_1_193' title='bbox 1288 2309 1436 2384; x_wconf 80' lang='lat' dir='ltr'><em>peragier</em></span> 
     </span>
     <span class='ocr_line' id='line_1_21' title="bbox 337 2400 604 2468; baseline -0.015 -8"><span class='ocrx_word' id='word_1_194' title='bbox 337 2400 522 2468; x_wconf 84' lang='lat' dir='ltr'><em>arbitrarer,</em></span> <span class='ocrx_word' id='word_1_195' title='bbox 542 2409 604 2458; x_wconf 86' lang='lat' dir='ltr'><em>etc.</em></span> 
     </span>
    </p>
   </div>
   <div class='ocr_carea' id='block_1_3' title="bbox 370 2523 1399 2602">
    <p class='ocr_par' dir='ltr' id='par_1_4' title="bbox 370 2523 1399 2602">
     <span class='ocr_line' id='line_1_22' title="bbox 370 2523 1399 2602; baseline 0 -21"><span class='ocrx_word' id='word_1_196' title='bbox 370 2532 384 2561; x_wconf 82' lang='lat'><strong>*</strong></span> <span class='ocrx_word' id='word_1_197' title='bbox 392 2530 456 2581; x_wconf 77' lang='lat' dir='ltr'><em>llam</em></span> <span class='ocrx_word' id='word_1_198' title='bbox 463 2524 598 2598; x_wconf 64' lang='lat' dir='ltr'><em>peragar]</em></span> <span class='ocrx_word' id='word_1_199' title='bbox 609 2525 647 2578; x_wconf 82' lang='lat' dir='ltr'><em>sie</em></span> <span class='ocrx_word' id='word_1_200' title='bbox 659 2524 738 2577; x_wconf 87' lang='lat' dir='ltr'><em>etiam</em></span> <span class='ocrx_word' id='word_1_201' title='bbox 750 2523 809 2577; x_wconf 83' lang='lat' dir='ltr'><em>ool.</em></span> <span class='ocrx_word' id='word_1_202' title='bbox 821 2523 905 2576; x_wconf 82' lang='lat' dir='ltr'><em>Panis.</em></span> <span class='ocrx_word' id='word_1_203' title='bbox 919 2525 1002 2578; x_wconf 86' lang='lat' dir='ltr'><em>Editt.</em></span> <span class='ocrx_word' id='word_1_204' title='bbox 1013 2527 1106 2580; x_wconf 72' lang='lat' dir='ltr'><em>multas</em></span> <span class='ocrx_word' id='word_1_205' title='bbox 1115 2545 1168 2580; x_wconf 82' lang='lat' dir='ltr'><em>reru</em></span> <span class='ocrx_word' id='word_1_206' title='bbox 1177 2529 1308 2598; x_wconf 80' lang='lat' dir='ltr'><em>pubb&#39;cara</em></span> <span class='ocrx_word' id='word_1_207' title='bbox 1319 2528 1399 2602; x_wconf 75' lang='lat' dir='ltr'><em>agt&#39;er.</em></span> 
     </span>
    </p>
   </div>
   <div class='ocr_carea' id='block_1_4' title="bbox 376 2633 1446 2734">
    <p class='ocr_par' dir='ltr' id='par_1_5' title="bbox 376 2633 1446 2734">
     <span class='ocr_line' id='line_1_23' title="bbox 376 2633 1446 2734; baseline -0.006 -15"><span class='ocrx_word' id='word_1_208' title='bbox 376 2633 498 2720; x_wconf 86' lang='lat' dir='ltr'><em>Gellius</em></span> <span class='ocrx_word' id='word_1_209' title='bbox 510 2654 537 2726; x_wconf 88' lang='lat'><em>1,</em></span> <span class='ocrx_word' id='word_1_210' title='bbox 552 2649 609 2713; x_wconf 74' lang='lat'><em>12:</em></span> <span class='ocrx_word' id='word_1_211' title='bbox 624 2651 668 2712; x_wconf 90' lang='lat' dir='ltr'><em>M.</em></span> <span class='ocrx_word' id='word_1_212' title='bbox 681 2647 758 2714; x_wconf 85' lang='lat' dir='ltr'><em>Catu</em></span> <span class='ocrx_word' id='word_1_213' title='bbox 772 2650 811 2711; x_wconf 88' lang='lat' dir='ltr'><em>de</em></span> <span class='ocrx_word' id='word_1_214' title='bbox 825 2647 992 2725; x_wconf 84' lang='lat' dir='ltr'><em>Lusitanis,</em></span> <span class='ocrx_word' id='word_1_215' title='bbox 1008 2671 1102 2734; x_wconf 91' lang='lat' dir='ltr'><em>quum</em></span> <span class='ocrx_word' id='word_1_216' title='bbox 1115 2653 1184 2716; x_wconf 90' lang='lat' dir='ltr'><em>Ser.</em></span> <span class='ocrx_word' id='word_1_217' title='bbox 1195 2653 1329 2718; x_wconf 87' lang='lat' dir='ltr'><em>Galbam</em></span> <span class='ocrx_word' id='word_1_218' title='bbox 1344 2671 1446 2727; x_wconf 12' lang='lat' dir='ltr'><em>acon-t</em></span> 
     </span>
    </p>
   </div>
   <div class='ocr_carea' id='block_1_5' title="bbox 332 2746 1440 3332">
    <p class='ocr_par' dir='ltr' id='par_1_6' title="bbox 332 2746 1440 3332">
     <span class='ocr_line' id='line_1_24' title="bbox 336 2746 1437 2835; baseline -0.005 -18"><span class='ocrx_word' id='word_1_219' title='bbox 336 2753 433 2817; x_wconf 81' lang='lat' dir='ltr'><em>savit:</em></span> <span class='ocrx_word' id='word_1_220' title='bbox 452 2751 574 2812; x_wconf 80' lang='lat' dir='ltr'><em>Tamen</em></span> <span class='ocrx_word' id='word_1_221' title='bbox 591 2748 694 2808; x_wconf 76' lang='grc' dir='ltr'><em>ἄίειιιιι</em></span> <span class='ocrx_word' id='word_1_222' title='bbox 714 2746 842 2824; x_wconf 79' lang='lat' dir='ltr'><em>deficere</em></span> <span class='ocrx_word' id='word_1_223' title='bbox 860 2747 1010 2808; x_wconf 85' lang='lat' dir='ltr'><em>voluisse.</em></span> <span class='ocrx_word' id='word_1_224' title='bbox 1034 2749 1105 2829; x_wconf 80' lang='lat' dir='ltr'><em>Ego</em></span> <span class='ocrx_word' id='word_1_225' title='bbox 1125 2771 1177 2810; x_wconf 85' lang='lat' dir='ltr'><em>me</em></span> <span class='ocrx_word' id='word_1_226' title='bbox 1192 2771 1273 2810; x_wconf 81' lang='lat' dir='ltr'><em>nuuc</em></span> <span class='ocrx_word' id='word_1_227' title='bbox 1290 2751 1365 2810; x_wconf 81' lang='lat' dir='ltr'><em>volo</em></span> <span class='ocrx_word' id='word_1_228' title='bbox 1377 2751 1437 2835; x_wconf 84' lang='lat' dir='ltr'><em>jus</em></span> 
     </span>
     <span class='ocr_line' id='line_1_25' title="bbox 332 2843 1440 2936; baseline -0.004 -21"><span class='ocrx_word' id='word_1_229' title='bbox 332 2853 529 2936; x_wconf 73' lang='lat' dir='ltr'><em>pontificium</em></span> <span class='ocrx_word' id='word_1_230' title='bbox 548 2851 665 2928; x_wconf 87' lang='lat' dir='ltr'><em>optime</em></span> <span class='ocrx_word' id='word_1_231' title='bbox 679 2851 760 2910; x_wconf 87' lang='lat' dir='ltr'><em>scire</em></span> <span class='ocrx_word' id='word_1_232' title='bbox 771 2871 782 2904; x_wconf 89' lang='grc'><em>.·</em></span> <span class='ocrx_word' id='word_1_233' title='bbox 791 2843 906 2928; x_wconf 87' lang='lat' dir='ltr'><em>jamne</em></span> <span class='ocrx_word' id='word_1_234' title='bbox 917 2867 955 2906; x_wconf 87' lang='lat' dir='ltr'><em>eo</em></span> <span class='ocrx_word' id='word_1_235' title='bbox 975 2869 1070 2909; x_wconf 82' lang='lat' dir='ltr'><em>causa</em></span> <span class='ocrx_word' id='word_1_236' title='bbox 1085 2851 1230 2931; x_wconf 70' lang='lat' dir='ltr'><em>pontufex</em></span> <span class='ocrx_word' id='word_1_237' title='bbox 1249 2849 1384 2932; x_wconf 73' lang='lat' dir='ltr'><em>capiar?</em></span> <span class='ocrx_word' id='word_1_238' title='bbox 1403 2853 1440 2912; x_wconf 87' lang='lat' dir='ltr'><em>Si</em></span> 
     </span>
     <span class='ocr_line' id='line_1_26' title="bbox 332 2947 1436 3032; baseline -0.003 -18"><span class='ocrx_word' id='word_1_239' title='bbox 332 2955 408 3014; x_wconf 85' lang='lat' dir='ltr'><em>volo</em></span> <span class='ocrx_word' id='word_1_240' title='bbox 423 2955 591 3032; x_wconf 73' lang='lat' dir='ltr'><em>augurium</em></span> <span class='ocrx_word' id='word_1_241' title='bbox 608 2952 722 3028; x_wconf 86' lang='lat' dir='ltr'><em>optime</em></span> <span class='ocrx_word' id='word_1_242' title='bbox 739 2951 968 3031; x_wconf 72' lang='lat' dir='ltr'><em>teuer·e,ecqu1s</em></span> <span class='ocrx_word' id='word_1_243' title='bbox 984 2968 1036 3008; x_wconf 85' lang='lat' dir='ltr'><em>me</em></span> <span class='ocrx_word' id='word_1_244' title='bbox 1053 2947 1093 3007; x_wconf 86' lang='lat' dir='ltr'><em>ob</em></span> <span class='ocrx_word' id='word_1_245' title='bbox 1109 2969 1181 3008; x_wconf 87' lang='lat' dir='ltr'><em>eam</em></span> <span class='ocrx_word' id='word_1_246' title='bbox 1199 2969 1267 3011; x_wconf 88' lang='lat' dir='ltr'><em>rem</em></span> <span class='ocrx_word' id='word_1_247' title='bbox 1284 2971 1436 3032; x_wconf 74' lang='lat' dir='ltr'><em>augurum</em></span> 
     </span>
     <span class='ocr_line' id='line_1_27' title="bbox 332 3049 459 3134; baseline -0.024 -22"><span class='ocrx_word' id='word_1_248' title='bbox 332 3049 459 3134; x_wconf 71' lang='lat' dir='ltr'><em>captati</em></span> 
     </span>
     <span class='ocr_line' id='line_1_28' title="bbox 366 3178 1432 3250; baseline 0.002 -16"><span class='ocrx_word' id='word_1_249' title='bbox 366 3193 453 3238; x_wconf 79' lang='lat' dir='ltr'><em>tamea</em></span> <span class='ocrx_word' id='word_1_250' title='bbox 465 3181 569 3248; x_wconf 63' lang='lat' dir='ltr'><em>dauni]</em></span> <span class='ocrx_word' id='word_1_251' title='bbox 586 3181 605 3232; x_wconf 91' lang='lat' dir='ltr'><em>i.</em></span> <span class='ocrx_word' id='word_1_252' title='bbox 622 3198 648 3232; x_wconf 90' lang='lat' dir='ltr'><em>e.</em></span> <span class='ocrx_word' id='word_1_253' title='bbox 664 3179 702 3230; x_wconf 87' lang='lat' dir='ltr'><em>sie</em></span> <span class='ocrx_word' id='word_1_254' title='bbox 718 3195 844 3231; x_wconf 75' lang='lat' dir='ltr'><em>excusate</em></span> <span class='ocrx_word' id='word_1_255' title='bbox 856 3178 962 3250; x_wconf 81' lang='lat' dir='ltr'><em>culpam</em></span> <span class='ocrx_word' id='word_1_256' title='bbox 975 3197 1049 3234; x_wconf 85' lang='lat' dir='ltr'><em>suam</em></span> <span class='ocrx_word' id='word_1_257' title='bbox 1061 3182 1152 3236; x_wconf 77' lang='lat' dir='ltr'><em>studet</em></span> <span class='ocrx_word' id='word_1_258' title='bbox 1164 3185 1251 3238; x_wconf 87' lang='lat' dir='ltr'><em>Galba</em></span> <span class='ocrx_word' id='word_1_259' title='bbox 1263 3198 1291 3238; x_wconf 86' lang='lat' dir='ltr'><em>et</em></span> <span class='ocrx_word' id='word_1_260' title='bbox 1301 3185 1432 3239; x_wconf 81' lang='lat' dir='ltr'><em>Nobilior.</em></span> 
     </span>
     <span class='ocr_line' id='line_1_29' title="bbox 404 3259 1432 3332; baseline 0.002 -13"><span class='ocrx_word' id='word_1_261' title='bbox 404 3264 525 3320; x_wconf 81' lang='lat' dir='ltr'><em>Similem</em></span> <span class='ocrx_word' id='word_1_262' title='bbox 538 3260 695 3314; x_wconf 79' lang='lat' dir='ltr'><em>sententiam</em></span> <span class='ocrx_word' id='word_1_263' title='bbox 707 3259 818 3312; x_wconf 79' lang='lat' dir='ltr'><em>Catonis</em></span> <span class='ocrx_word' id='word_1_264' title='bbox 830 3260 859 3312; x_wconf 91' lang='lat' dir='ltr'><em>iu</em></span> <span class='ocrx_word' id='word_1_265' title='bbox 873 3272 939 3313; x_wconf 80' lang='lat' dir='ltr'><em>orat.</em></span> <span class='ocrx_word' id='word_1_266' title='bbox 955 3279 1004 3332; x_wconf 80' lang='lat' dir='ltr'><em>pso</em></span> <span class='ocrx_word' id='word_1_267' title='bbox 1018 3263 1217 3319; x_wconf 81' lang='lat' dir='ltr'><em>Rhodiensibus</em></span> <span class='ocrx_word' id='word_1_268' title='bbox 1230 3267 1389 3322; x_wconf 84' lang='lat' dir='ltr'><em>invenimus.</em></span> <span class='ocrx_word' id='word_1_269' title='bbox 1400 3299 1432 3308; x_wconf 99' lang='lat'>-</span> 
     </span>
    </p>
   </div>
   <div class='ocr_carea' id='block_1_6' title="bbox 404 3345 1433 3421">
    <p class='ocr_par' dir='ltr' id='par_1_7' title="bbox 404 3345 1433 3421">
     <span class='ocr_line' id='line_1_30' title="bbox 404 3345 1433 3421; baseline 0.003 -17"><span class='ocrx_word' id='word_1_270' title='bbox 404 3351 463 3421; x_wconf 84' lang='lat' dir='ltr'><em>Qui</em></span> <span class='ocrx_word' id='word_1_271' title='bbox 475 3349 592 3420; x_wconf 87' lang='lat' dir='ltr'><em>aliquam</em></span> <span class='ocrx_word' id='word_1_272' title='bbox 604 3359 688 3400; x_wconf 75' lang='lat' dir='ltr'><em>antem</em></span> <span class='ocrx_word' id='word_1_273' title='bbox 699 3345 767 3399; x_wconf 84' lang='lat' dir='ltr'><em>seire</em></span> <span class='ocrx_word' id='word_1_274' title='bbox 781 3345 838 3398; x_wconf 87' lang='lat' dir='ltr'><em>sibi·</em></span> <span class='ocrx_word' id='word_1_275' title='bbox 845 3359 959 3418; x_wconf 72' lang='lat' dir='ltr'><em>arrogat,</em></span> <span class='ocrx_word' id='word_1_276' title='bbox 971 3349 1031 3402; x_wconf 85' lang='lat' dir='ltr'><em>ideo</em></span> <span class='ocrx_word' id='word_1_277' title='bbox 1042 3368 1097 3403; x_wconf 89' lang='lat' dir='ltr'><em>non</em></span> <span class='ocrx_word' id='word_1_278' title='bbox 1109 3353 1197 3406; x_wconf 82' lang='lat' dir='ltr'><em>statim</em></span> <span class='ocrx_word' id='word_1_279' title='bbox 1209 3354 1304 3406; x_wconf 79' lang='lat' dir='ltr'><em>artilex</em></span> <span class='ocrx_word' id='word_1_280' title='bbox 1316 3367 1371 3416; x_wconf 79' lang='lat' dir='ltr'><em>eat,</em></span> <span class='ocrx_word' id='word_1_281' title='bbox 1383 3373 1433 3408; x_wconf 88' lang='lat' dir='ltr'><em>neo</em></span> 
     </span>
    </p>
   </div>
   <div class='ocr_carea' id='block_1_7' title="bbox 403 3429 1465 3509">
    <p class='ocr_par' dir='ltr' id='par_1_8' title="bbox 403 3429 1465 3509">
     <span class='ocr_line' id='line_1_31' title="bbox 403 3429 1465 3509; baseline 0.002 -21"><span class='ocrx_word' id='word_1_282' title='bbox 403 3435 500 3509; x_wconf 73' lang='lat' dir='ltr'><em>magis,</em></span> <span class='ocrx_word' id='word_1_283' title='bbox 515 3432 563 3504; x_wconf 91' lang='lat' dir='ltr'><em>qui</em></span> <span class='ocrx_word' id='word_1_284' title='bbox 576 3431 688 3484; x_wconf 84' lang='lat' dir='ltr'><em>deficere</em></span> <span class='ocrx_word' id='word_1_285' title='bbox 700 3429 801 3494; x_wconf 80' lang='lat' dir='ltr'><em>voluit,</em></span> <span class='ocrx_word' id='word_1_286' title='bbox 815 3430 971 3484; x_wconf 80' lang='lat' dir='ltr'><em>delectionis</em></span> <span class='ocrx_word' id='word_1_287' title='bbox 982 3451 1086 3504; x_wconf 77' lang='lat' dir='ltr'><em>poeuauu</em></span> <span class='ocrx_word' id='word_1_288' title='bbox 1099 3435 1200 3494; x_wconf 69' lang='lat' dir='ltr'><em>solyme</em></span> <span class='ocrx_word' id='word_1_289' title='bbox 1213 3437 1301 3492; x_wconf 86' lang='lat' dir='ltr'><em>debet.</em></span> <span class='ocrx_word' id='word_1_290' title='bbox 1316 3439 1432 3508; x_wconf 61' lang='lat' dir='ltr'><em>Deficere</em></span> <span class='ocrx_word' id='word_1_291' title='bbox 1462 3439 1465 3444; x_wconf 83' lang='lat'>&#39;</span> 
     </span>
    </p>
   </div>
   <div class='ocr_carea' id='block_1_8' title="bbox 368 3514 1432 3840">
    <p class='ocr_par' dir='ltr' id='par_1_9' title="bbox 368 3514 1432 3840">
     <span class='ocr_line' id='line_1_32' title="bbox 403 3514 815 3594; baseline -0.022 -17"><span class='ocrx_word' id='word_1_292' title='bbox 403 3535 445 3578; x_wconf 86' lang='lat' dir='ltr'><em>est</em></span> <span class='ocrx_word' id='word_1_293' title='bbox 454 3532 543 3594; x_wconf 74' lang='lat' dir='ltr'><em>partes</em></span> <span class='ocrx_word' id='word_1_294' title='bbox 552 3517 645 3574; x_wconf 77' lang='lat' dir='ltr'><em>Galbae</em></span> <span class='ocrx_word' id='word_1_295' title='bbox 655 3514 815 3586; x_wconf 76' lang='lat' dir='ltr'><em>relinquere.</em></span> 
     </span>
     <span class='ocr_line' id='line_1_33' title="bbox 368 3597 1432 3742; baseline -0.008 -73"><span class='ocrx_word' id='word_1_296' title='bbox 368 3606 474 3680; x_wconf 63' lang='lat' dir='ltr'><em>defflere</em></span> <span class='ocrx_word' id='word_1_297' title='bbox 489 3599 858 3737; x_wconf 45' lang='lat' dir='ltr'><em>”Ollzlggslazlclzzrilbflpgb</em></span> <span class='ocrx_word' id='word_1_298' title='bbox 868 3597 973 3733; x_wconf 56' lang='lat' dir='ltr'><em>Xffllt</em></span> <span class='ocrx_word' id='word_1_299' title='bbox 988 3600 1260 3742; x_wconf 47' lang='lat' dir='ltr'><em>Luztr&#39;itoun&#39;psfflopipr</em></span> <span class='ocrx_word' id='word_1_300' title='bbox 1275 3627 1334 3696; x_wconf 70' lang='lat' dir='ltr'><em>sese¹</em></span> <span class='ocrx_word' id='word_1_301' title='bbox 1347 3614 1432 3742; x_wconf 56' lang='lat' dir='ltr'><em>caestre</em></span> 
     </span>
     <span class='ocr_line' id='line_1_34' title="bbox 403 3683 1431 3840; baseline 0.002 -13"><span class='ocrx_word' id='word_1_302' title='bbox 403 3688 564 3826; x_wconf 56' lang='lat' dir='ltr'><em>meiito</em></span> <span class='ocrx_word' id='word_1_303' title='bbox 571 3683 716 3830; x_wconf 66' lang='lat' dir='ltr'><em>suauitatis,</em></span> <span class='ocrx_word' id='word_1_304' title='bbox 718 3787 770 3840; x_wconf 79' lang='lat' dir='ltr'><em>par</em></span> <span class='ocrx_word' id='word_1_305' title='bbox 777 3698 892 3838; x_wconf 60' lang='lat' dir='ltr'><em>spontin?</em></span> <span class='ocrx_word' id='word_1_306' title='bbox 891 3699 1073 3838; x_wconf 43' lang='lat' dir='ltr'><em>pacticiiliit&#39;rt&#39;</em></span> <span class='ocrx_word' id='word_1_307' title='bbox 1079 3708 1343 3829; x_wconf 51' lang='lat' dir='ltr'><em>exercitiiilsisitiiis</em></span> <span class='ocrx_word' id='word_1_308' title='bbox 1350 3708 1431 3829; x_wconf 53' lang='grc' dir='ltr'><em>Ζηιζιῖ</em></span> 
     </span>
    </p>
   </div>
   <div class='ocr_carea' id='block_1_9' title="bbox 370 3857 1050 4057">
    <p class='ocr_par' dir='ltr' id='par_1_10' title="bbox 370 3857 1050 4057">
     <span class='ocr_line' id='line_1_35' title="bbox 370 3857 529 3913; baseline -0.019 0"><span class='ocrx_word' id='word_1_309' title='bbox 370 3860 374 3871; x_wconf 79' lang='grc'><strong>“</strong></span> <span class='ocrx_word' id='word_1_310' title='bbox 404 3857 529 3913; x_wconf 65' lang='lat' dir='ltr'><em>balutbse.</em></span> 
     </span>
     <span class='ocr_line' id='line_1_36' title="bbox 379 3958 1050 4057; baseline -0.009 -25"><span class='ocrx_word' id='word_1_311' title='bbox 379 3963 482 4057; x_wconf 77' lang='lat' dir='ltr'><em>[adde</em></span> <span class='ocrx_word' id='word_1_312' title='bbox 494 3987 527 4050; x_wconf 93' lang='lat' dir='ltr'><em>p.</em></span> <span class='ocrx_word' id='word_1_313' title='bbox 538 3966 611 4040; x_wconf 76' lang='lat'>107,</span> <span class='ocrx_word' id='word_1_314' title='bbox 623 3962 728 4047; x_wconf 86' lang='lat' dir='ltr'><em>ibique</em></span> <span class='ocrx_word' id='word_1_315' title='bbox 738 3958 906 4025; x_wconf 87' lang='lat' dir='ltr'><em>Frontonis</em></span> <span class='ocrx_word' id='word_1_316' title='bbox 920 3963 1050 4056; x_wconf 85' lang='lat' dir='ltr'><em>locum]</em></span> 
     </span>
    </p>
   </div>
   <div class='ocr_carea' id='block_1_10' title="bbox 377 4190 1427 4292">
    <p class='ocr_par' dir='ltr' id='par_1_11' title="bbox 377 4190 1427 4292">
     <span class='ocr_line' id='line_1_37' title="bbox 377 4190 1427 4292; baseline 0.001 -29"><span class='ocrx_word' id='word_1_317' title='bbox 377 4190 552 4284; x_wconf 73' lang='lat' dir='ltr'><em>Sequuntui</em></span> <span class='ocrx_word' id='word_1_318' title='bbox 566 4195 676 4259; x_wconf 76' lang='lat' dir='ltr'><em>deinde</em></span> <span class='ocrx_word' id='word_1_319' title='bbox 689 4195 864 4260; x_wconf 88' lang='lat' dir='ltr'><em>orationum</em></span> <span class='ocrx_word' id='word_1_320' title='bbox 882 4194 1009 4292; x_wconf 77' lang='lat' dir='ltr'><em>Catonis</em></span> <span class='ocrx_word' id='word_1_321' title='bbox 1030 4197 1215 4280; x_wconf 77' lang='lat' dir='ltr'><em>fragmenta,</em></span> <span class='ocrx_word' id='word_1_322' title='bbox 1234 4223 1364 4285; x_wconf 86' lang='lat' dir='ltr'><em>quarum</em></span> <span class='ocrx_word' id='word_1_323' title='bbox 1378 4221 1427 4266; x_wconf 86' lang='lat' dir='ltr'><em>ar·</em></span> 
     </span>
    </p>
   </div>
   <div class='ocr_carea' id='block_1_11' title="bbox 0 0 1610 5326">
    <p class='ocr_par' dir='ltr' id='par_1_12' title="bbox 0 0 1610 5326">
     <span class='ocr_line' id='line_1_38' title="bbox 0 0 1610 5326; baseline 0 5"><span class='ocrx_word' id='word_1_324' title='bbox 0 0 1610 5326; x_wconf 95' lang='lat' dir='ltr'><em> </em></span> 
     </span>
    </p>
   </div>
  </div>
 </body>
</html>
