3212 5326
609 429 615 435 ’
661 462 726 531 159

136 600 226 662 Hanc
237 599 381 662 oratione
391 599 486 660 suasit
495 597 573 660 Cato
583 597 694 676 legem,
710 617 802 679 quam
817 599 967 680 perlatam
979 599 1012 660 in
1023 617 1079 662 utu
1089 600 1239 666 mansisse

135 721 193 783 per
206 699 431 781 quinquaginta
442 701 506 762 sere
517 719 615 762 annos
627 697 840 778 cognoscimus
850 721 891 762 ex
900 699 999 761 Fastis
1011 704 1236 768 consularibus.

136 797 208 862 Vid.
223 798 349 876 Pighius
359 799 441 860 Ann.
454 799 516 860 νοΙ.
532 800 574 871 11,
586 819 619 879 p.
631 797 705 869 442,
719 819 811 880 quem
828 809 951 861 secutus
969 807 1019 886 est
1035 801 1189 882 Zumptins
1205 805 1240 866 in

136 894 322 960 Annalibus.

179 1002 286 1060 Festus
297 1019 305 1057 ι
316 997 500 1059 Pavimenta
510 997 634 1056 Pcem'ca
643 1016 798 1060 marmore
807 993 972 1060 Numidico
982 1009 1140 1060 constrata
1148 998 1243 1079 signi·

137 1097 213 1158 sicat
223 1097 314 1169 Catu,
328 1115 399 1158 cnm
413 1096 458 1156 ait
472 1095 506 1156 in
521 1114 569 1164 ea,
586 1115 678 1175 qnam
690 1095 811 1170 habuit,
825 1115 866 1156 ne
880 1095 948 1175 quis
958 1096 1065 1156 consul
1075 1095 1125 1157 bis
1133 1095 1241 1159 fieret·

137 1201 250 1258 Dicere
264 1217 407 1278 possum,
418 1197 530 1281 quibus
547 1197 633 1258 villae
649 1212 740 1281 atque
757 1197 1024 1278 aedc5,ced1flcctce
1043 1213 1135 1282 atque
1149 1220 1245 1279 expo·

136 1296 199 1355 litcc
222 1300 368 1354 maximo
390 1285 493 1374 opere,
509 1299 588 1353 citro
604 1309 696 1379 atque
711 1294 806 1354 ebore
821 1309 912 1378 atque
924 1297 1108 1372 pavimentis
1117 1293 1247 1356 Ptenict's

137 1408 228 1454 stent.

168 1528 325 1599 pauimentis
336 1525 458 1594 Poenicis]
468 1529 583 1581 Marmor
592 1527 763 1582 Numidicum
771 1529 800 1581 in
810 1549 905 1601 magno
916 1529 1002 1601 pretio
1014 1542 1041 1583 et
1051 1549 1102 1583 usu
1113 1532 1246 1584 veteribus

210 1617 278 1680 suit,
292 1633 391 1686 exque
404 1616 572 1678 fiebantilla,
586 1634 644 1686 quae
653 1618 718 1670 Cato
731 1617 775 1668 hic
789 1617 917 1680 nominat,
932 1619 1081 1688 pavimenta
1094 1619 1207 1684 Punice,
1221 1633 1249 1672 et

210 1718 277 1770 quas
294 1699 448 1770 Propertius
461 1699 591 1752 columnas
605 1701 711 1752 Panas.
734 1700 844 1769 Popma.
864 1731 897 1740 -
918 1700 1030 1771 Pighius
1048 1707 1120 1753 Ann.
1138 1702 1193 1754 vol.
1211 1701 1246 1766 11,

210 1803 240 1854 p.
252 1782 302 1835 112
314 1802 321 1832 ι
334 1803 347 1829 ιι
358 1783 424 1833 Cato
440 1782 468 1832 in
481 1782 531 1834 hac
546 1783 664 1833 oratione
679 1783 750 1834 inter
763 1782 813 1833 alia
827 1784 1049 1852 conquerebatur,
1068 1784 1168 1838 multos
1183 1798 1248 1838 tunc

209 1888 266 1920 non
280 1867 435 1939 reipublicae
447 1867 624 1940 provehendae
638 1887 730 1931 causa,
750 1868 796 1920 sed
814 1869 929 1920 avaritiae
948 1869 1082 1940 luxusque
1100 1873 1143 1923 sui
1161 1873 1250 1926 studio

210 1955 381 2027 magistratus
396 1974 425 2008 ac
438 1955 588 2025 provincias
601 1955 711 2018 ambire,
722 1967 754 2008 ut
767 1973 811 2008 eas
825 1956 983 2027 expilarent,
994 1976 1023 2009 ac
1033 1959 1134 2028 praedas
1143 1959 1249 2014 domum

210 2040 340 2094 veherent
353 2043 390 2110 (et
401 2040 480 2092 villas
492 2041 632 2112 pretiosas,
646 2029 759 2110 quarum
769 2041 797 2092 in
807 2041 955 2112 fragmento
967 2042 999 2094 fit
1009 2044 1118 2106 mentio,
1128 2055 1249 2098 exstrue-

211 2127 295 2193 rent).
311 2124 472 2178 Plutarchus
484 2125 563 2176 etiam
578 2124 649 2176 inter
659 2123 769 2176 Catonis
787 2125 852 2177 scite
865 2125 936 2177 dicta
948 2125 1065 2195 quaedam
1080 2127 1109 2178 in
1123 2126 1182 2198 ejus
1191 2129 1252 2182 Vita

213 2211 250 2279 (c.
261 2209 288 2277 8)
303 2220 431 2271 recenset,
445 2225 504 2276 quae
516 2226 549 2258 ex
563 2206 680 2258 oratione
690 2203 828 2276 jamdicta
839 2207 965 2260 videntur
974 2209 1137 2279 deprompta.
1153 2211 1251 2263 Scribit

210 2295 294 2359 enim,
304 2313 365 2348 cum
374 2294 488 2365 graviter
495 2295 561 2345 Cato
569 2293 701 2364 populum
709 2291 891 2364 redargueret,
901 2293 972 2363 quod
985 2295 1090 2347 eosdem
1099 2296 1252 2366 frequenter

211 2382 324 2434 summis
336 2380 535 2452 magistratibus
548 2380 709 2450 praeficeret;
728 2379 765 2432 sic
780 2379 885 2450 inquit:
900 2381 953 2434 Vel
965 2381 1111 2450 vilifacere
1127 2401 1251 2436 summam

204 2471 367 2536 potestatem
378 2461 508 2524 videmini}
522 2463 727 2534 relpaucc'sunt
740 2460 897 2528 incivitate,
911 2481 975 2534 qnos
988 2463 1088 2518 ιἰίοπαοα
1101 2472 1151 2518 aut
1162 2466 1252 2539 ἄν’ὄιιοο

210 2549 299 2600 eadem
312 2545 477 2602 existimatis.
491 2570 503 2596 ν
518 2543 649 2614 [-C1'tro.
661 2547 776 2618 Lignum
789 2547 902 2600 citreum
915 2549 1043 2602 Romanis
1056 2569 1121 2602 auro
1130 2550 1251 2620 fuitpre·

211 2636 324 2697 tiosius:
339 2655 365 2686 v.
379 2654 445 2704 quos
459 2637 524 2686 citat
536 2633 701 2704 Schoettgen.
716 2633 751 2684 ad
760 2633 908 2686 Varronem
924 2631 962 2685 De
976 2654 1005 2686 re
1017 2649 1086 2687 rust.
1098 2635 1145 2700 111,
1160 2641 1186 2700 2,
1199 2637 1225 2688 4.
1238 2659 1251 2685 n

211 2716 330 2770 Bolltuir.
341 2737 369 2788 p.
383 2720 441 2769 158.
453 2715 527 2768 Adde
537 2713 730 2767 Mitscherlich.
742 2716 774 2766 ud
785 2715 878 2768 Horat.
890 2715 941 2768 Od.
952 2718 1000 2780 lv,
1014 2719 1038 2780 i,
1050 2719 1107 2784 ist]

180 2839 340 2902 Priscian.
358 2839 417 2913 111,
441 2839 472 2911 1,
491 2859 523 2918 p.
546 2835 625 2897 108:
643 2835 721 2896 Cato
744 2831 778 2893 in
799 2832 958 2910 oratione,
981 2857 1021 2896 ne
1045 2838 1114 2916 quis
1139 2833 1253 2900 iterum

137 2937 253 2999 consul
266 2935 337 3010 fiat:
349 2937 530 3014 Imperator
541 2929 665 2991 [taudem
682 2935 776 3012 capit,
788 2935 960 2990 exercitum
979 2935 1160 3004 meliorem,
1170 2936 1254 2992 indu·

138 3040 289 3096 atriorem
296 3033 391 3112 facit.

178 3175 192 3203 *
202 3167 341 3228 neutram,
354 3167 545 3236 industrmrcm]
565 3169 604 3222 sin
615 3166 720 3222 Krehlii
732 3167 851 3231 codicem
867 3167 928 3220 edd.
942 3180 1002 3222 ante
1016 3187 1078 3222 eum
1089 3170 1148 3222 utel.
1159 3177 1189 3223 et
1199 3169 1253 3225 md.

215 3255 342 3323 Meyerus
353 3251 444 3306 omisit
455 3249 598 3310 melt'orem,
614 3270 675 3304 cum
689 3269 744 3302 uno
757 3249 847 3302 codiee
861 3262 888 3304 et
901 3262 976 3303 textu
987 3251 1105 3316 Krehiii,
1121 3254 1168 3324 qui
1186 3254 1255 3308 hanc

216 3336 390 3388 temeritatem
403 3335 460 3404 ipsc
474 3333 608 3386 damnavit
621 3335 648 3384 in
659 3333 728 3384 Add.
739 3353 767 3404 p.
780 3335 842 3386 315.

185 3435 271 3497 Plut.
290 3433 360 3496 Cat.
376 3453 405 3494 c.
423 3435 460 3496 8:
477 3447 535 3502 Τοὺς
554 3441 582 3494 di
600 3443 716 3501 πολλάκις
743 3444 824 3513 ἄρχειν
847 3440 1035 3510 σπουδάζοντας,
1065 3447 1119 3512 ἔφη,
1144 3446 1254 3516 καθάπερ

142 3535 292 3605 ἀγνοοῦντας
303 3532 345 3588 τὴν
361 3529 425 3594 ὁδὸν,
437 3528 476 3580 ἀεὶ
489 3527 551 3599 μετὰ
566 3525 707 3602 ῥαβδούχων
721 3529 797 3587 ζητεῖν
805 3528 955 3597 πορεύεσθαι,
969 3529 1003 3598 μὴ
1012 3533 1170 3584 πλανηθῶσιν.
1180 3531 1254 3580 Ἐπε-

141 3629 204 3704 τίμα
221 3625 250 3680 δὲ
264 3627 307 3681 καὶ
323 3629 372 3688 τοῖς
385 3627 495 3685 πολίταις
511 3625 564 3684 τοὺς
573 3626 663 3688 ,αὐτοὺς
676 3625 821 3696 αἱρουμένοις
833 3625 950 3683 πολλάκις
961 3627 1088 3696 ἄρχοντας.
1099 3625 1182 3685 Δόξετο
1196 3625 1255 3704 γὰρ,

141 3719 197 3785 ἔφη,
212 3717 228 3772 ii
245 3715 277 3786 μὴ
290 3719 379 3767 πολλοῦ
393 3713 420 3766 τὸ
431 3715 512 3784 ἄρχειν
526 3711 600 3778 ἄξιον,
613 3713 628 3769 ἣ
640 3712 673 3782 μὴ
687 3711 788 3770 πολλοὺς
799 3711 852 3770 τοὺς
866 3713 947 3782 ἄρχειν
961 3709 1038 3771 ἀξίους
1050 3711 1169 3782 ἡγεῖσθαι.

384 3911 437 3975 46.
462 3929 574 3974 enarro
590 3933 629 3972 nu
644 3931 736 3974 annuo
751 3928 1013 3974 cunruuatnmnsr.
1283 3957 1331 4028 56

185 4067 416 4142 Argumentum
436 4063 539 4144 hujus,
563 4078 630 4144 quae
650 4076 733 4125 anno
752 4062 812 4124 603
835 4060 943 4122 habita
966 4069 1024 4131 est,
1040 4058 1199 4123 ¹orationis
1220 4083 1259 4124 ex

142 4163 316 4228 Plutarcho
325 4165 389 4238 vn.
406 4164 475 4228 Cat.
490 4183 560 4246 cap.
575 4164 614 4226 26
632 4163 697 4245 peti
710 4163 828 4244 'potest
845 4157 1034 4248 [Historieos
1053 4157 1172 4222 addidit
1191 4163 1260 4224 Bol-

142 4261 228 4325 huis.
242 4283 275 4345 p.
290 4257 379 4350 165]
402 4265 444 4324 M.
462 4259 592 4325 Catonis
612 4255 745 4326 consilio
763 4261 883 4323 illatum
905 4273 952 4322 est
971 4259 1087 4322 bellum
1108 4259 1259 4323 Punicum
