3218 5320
654 397 716 468 341

174 555 200 588 rn
215 535 350 607 Alfenum]
370 533 479 586 Samius
499 531 532 585 ad
549 531 568 584 1.
587 532 607 584 l.
623 551 650 586 r.
666 535 719 586 29:
740 535 883 591 Bienditur
894 543 973 606 porta
989 535 1085 604 Altino
1097 535 1178 590 Vm,
1193 546 1241 598 φὶ
1268 503 1342 580 223

210 622 328 676 Pollione
338 620 440 692 fugato
457 620 562 690 legatur
577 621 766 692 Transpadanis
781 623 940 694 prepositus
957 628 998 676 cst
1014 623 1045 674 ab
1061 621 1193 691 Augusto.
1209 645 1241 656 -

211 708 302 762 Alfeni
316 707 476 760 mentionem
497 707 559 760 facis
577 707 703 762 Horatius
719 711 776 763 Sat.
794 710 820 774 l,
840 714 871 770 3,
889 713 951 774 130,
967 709 1014 762 ubi
1029 705 1120 762 Scbol.
1135 706 1243 758 Acrone

214 794 312 844 Urbane
324 789 390 844 satr's
401 790 531 858 Alfenum
541 791 641 845 Varum
652 791 842 844 Cremonensem
853 791 964 852 deridet,
976 791 1024 863 qui
1034 791 1134 863 abjecta
1142 787 1247 842 sutrina

213 878 293 944 [alius
303 877 464 930 Scholiastes
476 879 628 944 tonstrinn]‚
639 876 751 948 quentin
763 877 899 950 munietpio
909 898 957 931 suo
969 864 1133 934 eneraierat,
1141 875 1245 926 nomam
1295 917 1299 930 .

212 961 290 1024 venit,
299 957 472 1032 magistroque
484 979 547 1012 usus
560 957 752 1030 SulpicioICto
766 961 867 1032 (Servio
879 959 998 1032 Sulpicio
1008 958 1093 1024 Rufo)
1104 955 1141 1009 ad
1147 961 1247 1007 tantan

207 1044 327 1115 peruenit
339 1044 490 1105 srisntr'csns,
513 1052 544 1098 ut
557 1059 582 1097 et
592 1045 754 1098 consulatum
764 1051 867 1118 gereret
879 1051 907 1098 et
916 1042 1019 1116 publico
1029 1040 1247 1114 ‹ffficrirfisngnre-

214 1145 271 1190 tur,
282 1138 310 1182 et
318 1129 422 1200 publico
428 1130 527 1199 funere
540 1130 674 1200 efferetur.
689 1129 792 1196 [Vossii
804 1130 952 1204 emendatio
965 1141 1035 1182 certa
1047 1140 1098 1188 est,
1113 1123 1191 1180 modo
1203 1123 1247 1174 ul-

214 1215 308 1266 timum
318 1213 487 1278 vocabulum,
501 1211 639 1284 reliquisti,
653 1234 707 1268 non
721 1213 860 1286 tetigisset.
876 1214 925 1266 Vel
935 1205 1247 1266 scribendumadmetirns

213 1299 360 1370 reliquisti:
371 1301 450 1373 periit
462 1301 532 1376 enim
545 1302 690 1373 epodosie.]

186 1425 222 1485 ln
244 1422 395 1486 Diomede
409 1425 454 1497 11,
478 1445 510 1507 p.
529 1423 591 1487 443
614 1445 653 1487 ex
672 1425 814 1488 oratione
827 1423 910 1484 Galli·
929 1423 1015 1486 locus
1035 1422 1176 1492 affertur,
1193 1419 1247 1478 sed

147 1521 254 1582 Calvus
268 1523 312 1582 ibi
327 1542 384 1604 pro
395 1523 488 1586 Gallo
502 1523 649 1602 legendus
663 1535 722 1594 est,
739 1535 772 1582 ut
787 1523 819 1582 in
834 1521 931 1585 Calvo
945 1533 1070 1582 oratore
1081 1529 1173 1579 antea
1183 1533 1246 1576 mo·

145 1621 276 1696 nuimus,
290 1642 320 1702 p.
335 1621 408 1684 202.

398 1891 399 1894 Ν
500 1786 617 1856 xcn.
647 1787 697 1854 u.
725 1781 902 1882 Agrippa.

190 2001 273 2065 Plin.
282 2005 324 2064 H.
333 2005 372 2064 N.
382 2003 509 2078 XXXV,
523 2001 560 2063 4:
573 2003 616 2065 M.
627 2005 767 2086 Agrippa
778 2003 829 2066 vir
840 1997 1010 2062 rusticitati
1020 1995 1147 2082 propior
1157 2016 1248 2078 quam

146 2101 277 2164 deliciis.
299 2103 416 2164 Exstat
436 2119 517 2162 certe
533 2101 602 2185 ejus
620 2107 717 2163 or·atr'o
741 2103 906 2186 magnifica
926 2115 957 2160 et
977 2103 1119 2158 monimo
1137 2099 1250 2158 cisium

146 2202 238 2280 digna
252 2201 290 2286 de
304 2198 414 2260 tabulis
430 2200 569 2260 omnibus
584 2204 734 2284 signisque
750 2199 955 2278 publicandis,
974 2195 1056 2280 quod
1067 2193 1140 2273 fieri
1158 2194 1251 2250 satius

137 2300 269 2378 fuisset,
282 2321 375 2383 quam
389 2303 419 2357 in
434 2299 581 2358 villarum
595 2300 696 2358 exilia
708 2299 796 2377 pelli.
1141 2295 1145 2302 ’

178 2433 315 2506 Agrippa]
329 2435 426 2488 Vellei.
437 2436 471 2497 ll,
483 2438 532 2488 79:
549 2437 590 2487 M.
604 2433 727 2507 Agrippa
739 2433 843 2486 virtutis
857 2431 1033 2491 nobilissime,
1045 2433 1140 2487 labore,
1151 2423 1251 2498 vigilia,

213 2524 331 2592 periculo
343 2522 633 2594 r'nur'etus,pnrendri1ue
643 2523 691 2576 red
702 2521 751 2574 uni
759 2521 954 2583 scientissimus,
967 2521 1028 2574 atsi's
1039 2539 1101 2572 sane
1112 2514 1257 2588 erperode·

219 2610 329 2679 cupitus
339 2617 366 2661 et
373 2628 424 2679 per
435 2611 518 2660 omnia
530 2616 608 2661 entra
619 2607 754 2660 dilationes
761 2615 866 2677 positus
880 2607 1139 2675 consultesquefasta
1147 2603 1252 2674 conjun-

219 2713 293 2762 gens.
308 2693 376 2744 lbid.
390 2711 414 2744 c.
429 2694 474 2742 l‘il
489 2713 497 2742 .·
515 2693 586 2742 Raro
597 2688 735 2742 eminentes
747 2690 799 2741 oiri
808 2710 856 2740 non
868 2690 968 2761 magnis
981 2685 1143 2760 asijutoribus
1155 2685 1191 2736 nd
1200 2704 1251 2754 gu-

222 2772 375 2824 bernandarn
375 2772 514 2838 fortunam
522 2789 597 2828 sisara
606 2773 731 2830 risissent,
739 2777 771 2820 ut
779 2770 831 2820 duo
839 2768 969 2838 Scipiones
978 2770 1076 2826 duobus
1084 2765 1180 2828 man,
1191 2781 1253 2833 quos

229 2874 281 2924 per
293 2861 544 2930 omniaoequaaerunt
554 2855 613 2914 siti,
624 2862 656 2908 ut
664 2857 701 2906 D.
712 2856 857 2926 Augustus
866 2853 910 2906 M.
922 2854 1047 2926 Agrippa
1058 2859 1085 2904 et
1093 2847 1211 2921 proxime
1224 2853 1255 2900 ab

222 2962 250 2994 eo
262 2943 371 2995 Statilio
385 2945 478 2994 Tauro.
493 2943 571 2996 conf.
586 2945 691 2996 &necte
702 2944 789 3014 Epist.
801 2941 897 2995 XCIV.
913 2941 1058 3012 Vipsanius
1071 2940 1187 3010 Agrippa
1195 2939 1254 2990 fue·

224 3043 273 3082 rat.
288 3029 410 3101 Vipsanii
419 3049 514 3082 nomen
526 3030 602 3100 quasi
611 3043 795 3102 argumentum
806 3042 921 3100 paterne
929 3027 1089 3085 humilitatis
1099 3026 1253 3088 sustulerat,

222 3129 250 3168 et
263 3116 301 3166 Μ.
318 3116 435 3188 Agrippa
453 3116 599 3180 dicebatur,
618 3129 649 3168 ut
668 3115 770 3169 Seneca
789 3128 878 3170 narrat
897 3115 1024 3167 Contror.
1041 3114 1077 3174 11,
1091 3115 1133 3174 12,
1151 3133 1179 3186 p.
1195 3113 1253 3166 196.

223 3203 325 3254 Causas
337 3203 470 3254 interdum
482 3203 565 3275 egisse
576 3221 607 3255 ex
620 3203 711 3256 eodem
724 3203 832 3256 Senecae
845 3203 902 3254 loco
914 3213 996 3274 patet.

196 3328 286 3407 Apud
295 3325 429 3388 Diouem
436 3326 575 3390 Cassium
585 3323 643 3386 lib.
656 3329 722 3399 Lu,
735 3328 823 3399 2-11,
840 3327 1013 3390 orationem
1025 3327 1258 3392 memorabilem

154 3425 302 3506 Agrippae
314 3421 454 3502 legimus,
468 3443 534 3504 quae
548 3421 672 3504 quidem
687 3437 752 3486 tota
766 3445 805 3486 ex
819 3421 946 3504 ingenio
960 3422 1057 3508 ipsius
1069 3425 1178 3487 Dionis
1188 3445 1261 3508 pro·-

152 3526 233 3586 secta
247 3539 304 3587 est.
785 3545 786 3549 ’

326 3682 463 3790 XCIII.
492 3717 614 3790 Caesar
631 3719 862 3792 Octavianus
879 3723 1086 3816 Augustus.

97 3956 101 3960 ·
197 3930 280 3992 Suet.
300 3930 412 3992 Octav.
433 3949 462 3991 c.
478 3930 536 3992 842
553 3931 766 4012 Eloquentiam
781 3932 941 4012 studiaque
955 3929 1100 3994 liberalia
1115 3933 1153 3994 ab
1169 3945 1263 3996 aetate

154 4027 256 4112 prima
276 4042 308 4090 et
323 4031 432 4111 capide
446 4043 478 4092 et
492 4031 730 4094 laboriosissime
744 4031 894 4094 exercuit.
913 4035 993 4095 Nam
1004 4031 1149 4116 deinceps
1160 4053 1260 4114 neque
1287 4041 1357 4115 224
1417 4053 1418 4057 ’

157 4125 191 4189 in
206 4141 315 4188 senatu
330 4149 429 4210 neque
451 4131 532 4210 apud
553 4123 699 4212 populum
720 4149 819 4212 neque
840 4131 922 4213 apud
941 4127 1056 4194 milites
1076 4133 1194 4195 locutus
1212 4147 1259 4193 est

156 4245 292 4308 unquam
309 4223 369 4288 nisi
383 4229 531 4290 meditata
544 4239 576 4289 et
590 4227 760 4310 composita
773 4227 924 4300 oratione,
941 4229 1080 4310 quamvis
1107 4249 1168 4292 non
1187 4227 1260 4292 defi·
