3212 5326
656 495 718 567 101

133 635 184 718 jus
199 633 304 711 civile,
321 653 438 696 morem
453 631 599 709 civitatis,
613 632 696 713 leges
712 646 744 696 et
761 633 1027 720 senatusconsulta
1043 635 1236 714 ignorarent,

136 731 363 810 elegantiarum
386 743 487 791 autem
509 729 622 790 artium
642 730 744 792 studia
765 729 899 813 superbe
919 731 1115 812 despicerent
1136 729 1237 816 (Diui.

136 851 168 894 c.
182 833 238 906 323
253 831 335 894 conl.
349 833 389 892 Α.
402 827 485 894 Gell.
498 829 581 904 XVI,
595 829 646 905 10,
660 833 800 893 eamdem
811 828 1011 912 veterisjuris
1029 831 1239 909 ignorantiam

23 935 28 952 '
131 932 362 1015 jurisconsultis
374 931 423 993 sui
435 931 582 1011 temporis
595 929 822 1018 objicientem).
839 933 883 993 Ne
897 944 1001 995 autem
1014 929 1144 992 Insanioe
1155 932 1240 1014 plau·

139 1049 191 1092 sus
205 1033 335 1104 deesset,
352 1029 496 1092 mercede
511 1029 777 1103 conducebantur,
793 1029 845 1111 qui
859 1029 963 1092 dedita
977 1045 1073 1110 opera
1087 1045 1175 1108 aequa
1184 1027 1242 1088 ini-

138 1148 199 1209 qua
211 1126 341 1190 vocibus
354 1137 386 1189 et
400 1125 544 1188 manibus
556 1140 832 1208 prosequerentur,
847 1139 882 1188 ut
898 1123 926 1188 si
945 1146 1009 1188 non
1026 1124 1122 1198 docti,
1138 1137 1242 1188 tamen

138 1227 249 1306 vulgus
263 1245 329 1288 sese
343 1223 445 1306 decipi
459 1243 524 1285 nou
538 1222 671 1286 videret.
688 1224 768 1287 Vide
784 1223 918 1308 Quintil.
938 1224 993 1298 XI,
1007 1225 1039 1296 3,
1054 1222 1133 1293 1263
1156 1221 1240 1286 Plin.

138 1325 218 1408 Epp.
232 1325 274 1399 II,
289 1324 339 1386 14.
364 1323 481 1385 Eadem
496 1321 588 1404 paulo
601 1317 701 1384 serius
714 1321 799 1384 inter
814 1325 926 1387 creos
938 1323 1101 1403 loquentes
1113 1320 1243 1382 inducta

139 1421 264 1484 insania
277 1435 335 1497 est,
357 1439 418 1503 qua
429 1419 468 1481 de
482 1438 530 1494 re,
552 1438 618 1501 quae
632 1420 780 1503 expositis
793 1421 858 1482 lere
871 1419 995 1500 gemina
1008 1429 1092 1494 sunt,
1109 1436 1149 1480 ex
1161 1415 1243 1480 lesti-

139 1517 267 1582 vissimo
281 1521 418 1584 Lariano
430 1537 595 1600 apponam.
616 1519 781 1602 Praeoeptt.
805 1521 902 1582 rhett.
924 1539 952 1580 c.
972 1523 1007 1582 9ι
1034 1531 1072 1584 rt
1086 1533 1243 1603 Δημοσθένους

137 1627 207 1695 ἴχνη,
219 1626 262 1681 καὶ
271 1629 408 1706 mereret,
422 1625 521 1699 μιγάλα
528 1627 581 1698 μὲν,
592 1625 635 1680 καὶ
647 1628 708 1699 belp
721 1628 775 1688 τοὺς
788 1633 838 1701 tet,
847 1626 948 1698 dpauptt
961 1623 989 1679 dl
1000 1626 1048 1686 ἤδη
1062 1627 1105 1680 mi
1114 1627 1197 1698 ἀσαφῆ
1210 1630 1242 1681 τὰ

134 1724 216 1780 πολλὰ
230 1728 276 1780 tet
287 1697 441 1800 τοίχρόνου.
455 1723 604 1810 -Quasi
620 1726 756 1791 Cestium
772 1725 907 1808 aliquem
922 1725 1041 1802 audias,
1062 1747 1130 1790 sese
1148 1747 1243 1812 supra

134 1811 305 1876 Cicerones
316 1815 538 1886 extollentem!
562 1820 660 1886 111111.
682 1843 711 1886 c.
735 1826 770 1886 ll
785 1845 794 1885 t
816 1828 919 1909 ditique
931 1835 1088 1910 Ἰσοκράτης,
1107 1839 1120 1890 d
1136 1837 1242 1910 χαρίτων
1307 1839 1312 1848 “

138 1921 237 1994 ἄμοιροι
246 1923 401 1994 Δημοσθένης,
411 1927 422 1976 1
432 1926 519 2000 ψυχρὸς
527 1931 640 1985 miros.
657 1919 815 1982 Notabiles
827 1934 980 2004 praeterea
991 1923 1053 1984 loci
1064 1934 1137 1984 sunt
1153 1942 1183 1984 c.
1202 1924 1237 1984 lI

136 2020 172 2070 et
184 2010 236 2083 15,
249 2010 288 2070 de
305 2010 407 2072 cultus
421 2016 554 2078 oratorii
566 2015 723 2098 elegantia
737 2030 770 2080 et
784 2020 903 2097 nitore3
922 2019 1243 2102 monimentaque
1280 2059 1283 2067 ι

136 2106 271 2166 rundanr
282 2106 504 2174 vocabulorum
516 2131 582 2190 usn,
596 2114 770 2196 Atticorum
781 2115 916 2197 speoIem
931 2135 997 2200 prae
1011 2136 1044 2178 se
1058 2117 1240 2191 ferentium

139 2203 229 2266 ttae
243 2203 388 2269 obsoletis
400 2211 522 2290 verbis3
541 2214 579 2278 19
595 2215 634 2276 (10
646 2213 781 2278 ridiculo
795 2225 827 2276 et
841 2216 972 2281 deformi
986 2229 1091 2296 gestu3
1111 2217 1243 2298 denique

16 2305 21 2311 “
136 2303 175 2365 21
192 2305 231 2367 de
243 2305 404 2372 conductis
417 2311 594 2391 plausorem
604 2313 764 2396 gregibus.
781 2316 853 2378 Ilaec
868 2319 973 2381 omnia
986 2318 1079 2400 plane
1093 2315 1243 2400 ejusmodi

135 2417 221 2478 sunt,
239 2416 274 2464 ut
286 2406 459 2471 Romanum
478 2412 664 2494 Quintiliani
684 2427 776 2477 aetate
793 2416 905 2480 Graece
927 2416 1119 2479 scribentem
1137 2417 1243 2496 legere

137 2503 274 2568 videare.
300 2505 366 2568 Iloc
381 2527 496 2574 novum
513 2525 545 2574 et
557 2533 688 2594 pravum
701 2533 798 2595 genus
813 2513 940 2578 dicendi
955 2516 1093 2580 aCassio
1107 2516 1243 2600 primum

134 2606 253 2668 Severo
266 2606 426 2672 inductum
442 2607 536 2694 (conl.
555 2611 640 2677 Dial.
655 2617 693 2676 de
707 2627 803 2678 uratt.
817 2637 847 2679 e.
864 2619 914 2694 19,
928 2617 981 2693 26,
993 2617 1089 2682 Wott.
1102 2617 1188 2700 prael.
1203 2621 1240 2679 ad

136 2707 276 2770 Marcell.
293 2727 326 2792 p.
343 2710 434 2788 XIX,
459 2713 532 2776 coll.
557 2734 589 2794 p.
611 2715 785 2791 XXXIV),
811 2717 884 2779 dein
904 2718 1020 2778 sensim
1034 2718 1191 2797 ingentem
1208 2719 1242 2780 iu

137 2810 261 2869 modum
280 2813 429 2874 accrevit.
454 2815 532 2875 Nam
550 2827 699 2895 qnantum
721 2817 853 2877 Severm
871 2837 891 2877 a
910 2815 1073 2879 Ciceronis
1092 2821 1240 2892 candore,

136 2921 257 2970 tautum
268 2909 306 2970 ab
314 2909 422 2974 Severi
432 2911 627 2978 acuminibus
639 2927 671 2976 et
681 2911 830 2977 libertate
839 2914 905 2998 ejus
914 2916 1087 2979 imitatores
1095 2917 1238 2978 aberant.

137 3010 214 3069 Inde
229 3009 368 3089 quavas
386 3011 531 3076 meliores
551 3033 589 3075 ex
609 3015 670 3078 lroc
692 3033 833 3090 numero,
849 3003 1031 3092 Latronem,
1048 3017 1240 3090 Passienum,

138 3106 264 3182 Afrum,
284 3097 490 3187 Trachalum,
515 3113 619 3178 laudet
640 3115 757 3200 peritus
775 3115 887 3178 barum
917 3136 1023 3180 rerum
1049 3118 1241 3182 existimator

135 3207 359 3289 Quintilianus,
376 3231 525 3294 nusquam
542 3227 655 3292 tamen,
673 3215 784 3298 quibus
795 3216 890 3278 rebus
904 3213 1071 3280 interiores
1083 3218 1146 3280 sint
1159 3217 1241 3300 prio·

137 3307 236 3383 ribus,
253 3307 436 3375 dissimulat.
461 3313 566 3377 Iloncs
586 3329 686 3377 autem
705 3317 764 3379 lori
785 3338 876 3398 quam
898 3317 1046 3382 celeriter
1064 3315 1239 3394 evanuerit,

137 3406 275 3487 Trajauo
286 3409 337 3472 vix
351 3412 514 3488 exstincto,
530 3413 565 3476 in
579 3415 735 3478 Frontone
756 3417 1044 3493 animadvertimus,
1066 3440 1156 3500 quem
1178 3440 1240 3481 suae

135 3509 234 3570 [etatis
246 3510 313 3572 lere
327 3511 574 3589 disertissimum,
588 3535 776 3579 summorum
789 3518 927 3580 virorum
938 3518 1148 3582 familiaritate
1160 3521 1239 3581 cele·

134 3608 270 3683 bratum,
285 3625 316 3674 ct
328 3613 408 3694 quod
420 3611 519 3695 majus
534 3628 592 3692 est,
608 3618 651 3678 M.
665 3619 784 3680 Aurelii
798 3618 950 3681 Antonini
964 3633 1197 3704 preceptorem,
1214 3621 1240 3682 si

136 3707 215 3770 nibil
226 3709 319 3787 aliud,
334 3723 437 3774 tamen
450 3714 697 3777 semibarbarum
709 3735 776 3779 esse
789 3736 852 3782 non
865 3717 1005 3780 decebat.
