3218 5320
909 459 978 532 336

434 622 481 657 sus
494 601 555 666 fuit,
577 614 608 654 ut
622 599 700 656 modo
712 601 782 667 dini,
800 601 886 656 Pollio
899 602 1100 674 grammaticus,
1117 598 1195 672 cujus
1210 600 1333 654 libellum
1347 604 1402 675 cripi
1415 613 1459 656 τῶν

433 685 502 758 παρὰ
514 685 618 759 γράμμα
628 682 941 758 iqrnprnvopirna'ssuldas
950 683 1042 740 laudat
1050 704 1077 740 v.
1091 683 1190 738 Πωλίων
1199 685 1324 742 lucitas.
1333 687 1461 742 Eundem

434 772 579 827 sirealium
592 773 730 844 quemdam
743 773 940 846 gratnmnti'eum
954 771 1070 844 respexit
1084 770 1222 824 Charisius
1237 791 1267 844 p.
1283 773 1336 824 642
1350 774 1423 826 Puer
1434 783 1461 828 et

432 853 590 924 ensminr'no
598 875 663 906 sexu
675 854 782 926 anltqur'
790 841 947 909 disehmlut
962 851 1053 908 Groect'
1061 857 1072 908 i
1085 857 1154 920 nuic,
1163 867 1190 907 et
1196 856 1217 924 li
1226 857 1293 920 παῖς,
1304 863 1336 908 ut
1350 855 1377 908 in
1386 851 1463 910 Nelei

431 937 541 990 carmine
554 939 726 1009 coqueprisco
738 939 831 990 Saucia
844 957 912 1010 puer
924 937 981 990 iilia
993 956 1105 1001 sumam,
1126 935 1173 988 ubi
1181 949 1265 990 tamen
1280 940 1364 992 Varro
1377 959 1459 1010 puera

424 1032 509 1096 putat
522 1024 631 1086 dutum,
646 1026 694 1077 scd
707 1025 799 1078 AElrns
816 1025 897 1086 Stilo,
914 1023 1037 1098 magtilcr
1058 1025 1125 1098 ejus,
1143 1031 1170 1076 et
1191 1025 1301 1077 Asinius
1313 1033 1414 1080 contra.
1427 1058 1458 1068 —

430 1109 561 1176 Pollione,
572 1111 740 1182 grammatico
751 1112 857 1176 Latino,
871 1129 937 1166 usus
944 1111 1099 1164 erudiamus
1109 1111 1263 1164 Antoninus
1269 1111 1458 1184 philosophus:

316 1185 320 1192 ¹
428 1217 455 1251 v.
466 1195 525 1250 tul.
536 1197 680 1270 Capitolio.
692 1199 721 1250 in
732 1196 771 1251 M.
784 1200 849 1250 Ant.
862 1197 961 1271 philos.
974 1217 998 1252 o.
1010 1201 1036 1252 2.

402 1329 536 1413 Quintil.
556 1331 611 1408 lx,
627 1332 659 1408 4,
676 1333 738 1398 76:
761 1331 884 1396 Senarii
898 1329 1001 1394 minus
1023 1343 1097 1394 sunt
1121 1331 1283 1408 notabiles,
1310 1333 1381 1412 quia
1401 1335 1460 1396 hcc

357 1447 453 1510 genos
467 1430 606 1490 sermoni
619 1429 793 1511 proximum
808 1439 865 1490 est.
882 1429 990 1510 ltaque
1003 1442 1035 1490 et
1046 1447 1155 1492 versus
1168 1429 1202 1488 hi
1222 1423 1289 1492 iere
1302 1430 1460 1506 excidunt,

358 1545 434 1606 quos
446 1527 561 1586 Brutus
571 1526 638 1607 ipso
658 1525 866 1607 componendi
880 1525 980 1591 studio
995 1527 1104 1590 ductus
1117 1515 1284 1606 saepissime
1297 1525 1384 1600 facit,
1402 1548 1461 1587 non

311 1652 313 1657 ·
357 1649 431 1687 raro
442 1625 583 1701 Asinius,
596 1628 650 1689 scd
664 1627 759 1690 etiam
773 1623 885 1690 Cicero
899 1645 1131 1707 nonnunquam.

399 1729 445 1788 ld.
463 1727 493 1804 I,
509 1729 541 1806 8,
564 1727 622 1788 10:
638 1727 754 1790 Summi
766 1739 908 1789 oratores
921 1739 1064 1796 veterum
1080 1739 1222 1808 poemata
1243 1727 1347 1788 velud
1370 1726 1461 1788 fidem

285 1876 287 1880 ,
358 1843 521 1890 causarum
541 1825 592 1886 vel
606 1825 645 1886 ad
664 1837 886 1889 ornamentum
900 1823 1085 1905 eloquentia
1107 1835 1275 1886 assumunt.
1295 1823 1374 1886 Nam
1387 1843 1461 1905 prae·

358 1925 447 2006 cipue
460 1925 584 2006 quidem
598 1926 680 2010 apud
691 1925 890 1999 Ciceronem,
907 1927 1090 2004 frequenter
1101 1935 1207 1986 tamen
1221 1924 1304 2004 apud
1316 1925 1460 1984 Asisium

357 2022 451 2084 ctiam
460 2035 492 2083 et
506 2036 640 2096 ceteros,
658 2019 797 2102 quisunt
811 2021 959 2103 proximi,
975 2021 1107 2084 vidimus
1118 2020 1211 2098 Enni,
1225 2020 1313 2092 Aeci,
1330 2019 1458 2094 Pacuvi,

355 2120 468 2193 Lucili,
486 2121 627 2194 Terenti,
642 2119 748 2185 Gaeeili
764 2131 796 2180 et
809 2115 943 2182 aliorum
954 2119 1054 2180 inseri
1068 2137 1175 2180 versus
1185 2137 1304 2180 summa
1313 2137 1378 2182 non
1387 2137 1458 2180 eru·

356 2216 483 2282 ditionis
496 2218 587 2278 modo
601 2217 715 2294 gratia,
732 2217 786 2278 sed
800 2215 894 2278 etiam
905 2211 1121 2296 jucunditatis.
1414 2296 1417 2302 Ι

397 2318 482 2388 Plin.
501 2319 559 2399 Ep.
575 2319 629 2390 Vl,
645 2318 697 2391 29,
717 2319 747 2392 5,
765 2316 875 2378 scribit
892 2318 979 2379 :Sed
997 2329 1030 2378 et
1042 2316 1132 2390 illud,
1153 2318 1236 2398 quod
1247 2316 1298 2380 rel
1311 2316 1459 2380 Pollionis

356 2417 407 2478 rel
421 2430 569 2498 tanquam
591 2416 741 2480 Pollionis
755 2417 873 2498 accepi,
895 2412 1088 2479 verissimum
1105 2417 1273 2500 experior:
1294 2417 1460 2477 Commode

354 2517 603 2596 agendofizctum
613 2531 671 2586 est,
685 2531 716 2575 nt
729 2535 813 2594 saepe
822 2535 968 2594 agerem:
983 2536 1068 2596 saepe
1082 2517 1214 2596 αςοηᾰο,
1226 2529 1257 2575 ut
1270 2521 1369 2576 minan
1379 2536 1462 2577 com-

354 2613 459 2674 mode.

545 2801 780 2872 LXXXVIII.
810 2799 851 2869 L.
880 2795 1030 2868 Manlius
1056 2798 1268 2894 Torquatus.

398 3011 429 3072 ls
453 3022 510 3085 est,
528 3011 567 3072 ad
580 3029 671 3092 quem
693 3004 842 3070 Horatius
856 3009 990 3070 Carmen
1004 3001 1108 3072 tlibri
1129 3004 1185 3082 lv,
1211 3019 1243 3069 et
1256 3007 1423 3089 Epistulam
1436 3010 1454 3069 5

351 3111 427 3173 libri
442 3113 455 3170 1
472 3109 606 3192 scripsit,
623 3112 657 3172 in
672 3132 731 3191 qua
740 3107 871 3190 legimus
887 3130 896 3169 t
914 3113 916 3118 “
1097 3107 1101 3114 “

511 3255 594 3308 Mitte
604 3257 669 3308 lenes
678 3275 735 3326 spes
744 3263 771 3308 ct
783 3255 924 3312 certantes
933 3253 1090 3319 sisinnum,

517 3341 556 3396 Et
567 3341 671 3396 uncti
678 3361 794 3398 caman.

352 3482 401 3543 Ad
422 3499 491 3544 eum
513 3481 616 3544 locum
635 3481 669 3543 in
688 3482 838 3543 Auctario
861 3475 1123 3544 commentatoris
1143 3479 1258 3542 veteris
1278 3499 1296 3542 a
1319 3479 1452 3562 Cruquio

351 3577 428 3642 editi
448 3575 681 3661 Lugduni-Bar:
699 3577 778 3644 1597
802 3599 835 3661 p.
852 3578 913 3644 stt
939 3577 1005 3641 hoeo
1023 3573 1184 3639 adnotatio
1209 3577 1348 3659 pertinet
1364 3597 1373 3640 t
1390 3579 1453 3638 Ma

263 3704 266 3709 ·
351 3679 439 3740 seins
454 3679 504 3739 liic
523 3677 735 3762 Pergamenus
746 3675 921 3758 rietorsuz‘t
933 3679 1121 3750 notissimae,
1141 3695 1215 3736 rens
1227 3677 1451 3758 verwstciifizit,

350 3775 441 3859 enjus
461 3799 587 3840 causam
609 3781 768 3856 exprimit.
789 3779 876 3838 Hanc
897 3791 1035 3837 oratores
1054 3792 1182 3856 egerunt
1204 3773 1378 3862 Torquatus
1392 3772 1451 3850 hic,

349 3881 388 3938 de
409 3901 467 3964 quo
486 3901 564 3940 nnnc
579 3883 659 3955 dicit,
677 3879 764 3966 cujus
783 3892 884 3940 exstat
901 3883 1012 3952 oratio,
1026 3891 1057 3936 et
1070 3879 1202 3938 Asinius
1210 3877 1341 3940 Pollio.
1357 3892 1359 3894 ’

254 4021 324 4097 219
394 3981 583 4060 Torquatum
594 3995 740 4066 nepotem
755 3979 907 4064 ejusesse,
925 3999 985 4060 quo
1003 3977 1130 4040 consule
1145 3975 1291 4040 Horatius
1307 3989 1455 4040 natusest

353 4075 400 4159 (a.
424 4081 465 4146 U.
486 4079 574 4164 688),
598 4079 779 4143 Sanadonus
806 4076 895 4155 dicit,
922 4077 1136 4140 'llrorheckius
1155 4091 1258 4140 autem
1276 4077 1325 4140 De
1346 4075 1453 4139 Asinio

274 4197 278 4204 ‘
347 4180 488 4254 Pollione
510 4199 541 4262 p.
560 4181 597 4242 'll
615 4183 805 4263 Torquatum
827 4177 924 4240 filium
945 4175 1031 4240 illius
1046 4179 1194 4262 appellat,
1213 4197 1363 4260 quemque
1378 4178 1452 4239 adeo

278 4299 286 4316 ·
349 4279 497 4342 lloratius
522 4299 611 4338 sunm
637 4277 757 4340 vocarit
782 4279 881 4359 Epod.
913 4297 979 4350 xru,
1003 4279 1025 4338 ’6
1042 4276 1143 4359 (male
1169 4276 1391 4357 interpretatus
1404 4285 1450 4336 est
