3218 5320
643 437 716 508 305

460 663 603 736 LXVII.
634 665 675 737 C.
704 663 897 736 Antonius.

175 846 214 909 C.
231 845 383 910 Antonius
396 847 558 912 Ciceronis
569 847 627 906 luit
640 843 758 924 collega
771 846 805 906 in
823 844 982 909 consulatu
997 863 1026 904 a.
1043 839 1115 906 590.

179 939 333 1006 Asconius
344 945 384 1006 ad
395 944 463 1010 Cio.
486 945 576 1010 Orat.
592 945 626 1006 iu
641 955 713 1022 toga
734 943 867 1006 candida
881 955 992 1008 contra
1005 941 1042 1006 C.
1060 941 1229 1004 Antonium

133 1054 169 1104 et
181 1043 217 1106 L.
231 1041 399 1106 Catilinam
410 1064 441 1124 p.
460 1044 498 1108 95
513 1043 562 1104 ed.
578 1039 698 1104 Orelli:
715 1041 796 1104 Huic
806 1041 942 1104 orationi
955 1037 1117 1104 Ciceronis
1126 1050 1159 1100 et
1173 1039 1229 1099 Ca·

136 1137 229 1202 tilina
243 1154 275 1202 et
287 1143 440 1204 Antonius
452 1139 672 1202 contumeliose
685 1141 931 1222 responderunt3
947 1139 1028 1220 qnod
1040 1138 1137 1200 solum
1146 1147 1230 1218 pote·

135 1249 221 1316 rant,
237 1238 356 1300 invecti
373 1239 407 1300 in
426 1237 596 1300 novitatem
609 1235 686 1318 ejus.
709 1238 867 1297 Feruntur
878 1256 993 1321 quoque
1006 1239 1158 1298 orart‘oues
1180 1253 1233 1292 uo·

136 1339 220 1394 mine
232 1334 355 1394 illorum
367 1337 472 1410 editae,
486 1355 548 1395 non
559 1333 598 1393 ab
608 1338 684 1414 ipsis
696 1341 831 1413 scriptur,
848 1335 903 1394 sed
914 1334 956 1392 ab
971 1333 1122 1394 Ciceronis
1139 1331 1236 1392 obtre-

136 1429 313 1506 ctatoribus,
330 1452 404 1513 quas
416 1430 521 1494 nescio
535 1453 576 1492 an
594 1429 689 1493 satius
697 1431 740 1492 sit
750 1431 907 1512 ignorare.
1020 1419 1021 1426 ἵ

171 1551 434 1622 orationiCr'rermu's]
453 1571 531 1624 quam
549 1571 573 1604 a.
591 1553 642 1604 590
655 1551 750 1604 habuit
764 1551 890 1604 adversus
903 1552 1087 1622 competitores
1095 1547 1159 1600 illos
1170 1567 1235 1602 con·

208 1639 321 1692 sulatus.

132 1768 134 1779 '
180 1760 235 1820 Est
248 1757 345 1836 igitur
355 1756 527 1838 probabile,
547 1757 650 1818 locum
667 1775 705 1816 ex
726 1751 869 1816 oratione
882 1755 1012 1817 Antonii
1026 1755 1235 1820 contraCice·
1264 1745 1330 1820 188

137 1873 248 1917 ronem
260 1866 426 1934 sumptum,
440 1849 494 1933 qui
510 1873 529 1914 a
541 1852 735 1936 Quintiliano
748 1851 805 1923 lX,
823 1852 854 1924 3,
869 1851 922 1923 94,
937 1851 1093 1928 laudatur,
1113 1867 1234 1936 partem

137 1975 207 2018 esse
216 1953 297 2015 lictse
305 1955 387 2016 illius
396 1950 526 2018 Antonii
536 1951 697 2016 orationis.
711 1954 780 2036 Qua
789 1955 826 2014 de
837 1973 874 2014 rc
884 1953 1016 2028 erudite,
1029 1967 1061 2016 at
1069 1955 1237 2035 malignius

140 2056 176 2116 in
186 2052 413 2136 Quintilianum
428 2053 594 2134 disputavit
606 2053 776 2132 Madvigius
789 2054 836 2114 De
851 2052 984 2114 Asconio
997 2073 1030 2134 p.
1045 2055 1097 2116 75.

182 2151 282 2212 Locus
303 2150 490 2232 Quintiliani
511 2151 563 2212 hic
581 2162 628 2212 est
642 2171 650 2210 τ
666 2159 846 2234 ueceeeu'toeo
865 2150 952 2225 dicit,
977 2169 1045 2231 quse
1058 2163 1092 2212 ut
1104 2151 1237 2216 maxime

137 2263 282 2314 seruetur
304 2271 381 2314 sane
404 2252 438 2314 in
461 2248 603 2333 pluribus
625 2250 801 2332 propositis,
827 2251 898 2332 quia
920 2264 973 2312 aut
990 2247 1118 2332 singulis
1131 2251 1236 2314 statim

138 2352 222 2414 ratio
240 2349 437 2435 subjiciatur,
454 2365 489 2414 ut
503 2365 551 2416 est
565 2353 646 2435 apud
661 2348 698 2414 C.
720 2353 890 2414 Antonium
904 2377 913 2410 t
928 2351 993 2412 Sed
1002 2371 1099 2437 usque
1111 2371 1236 2414 accusa·

138 2465 236 2510 torem
255 2470 325 2510 uam
345 2465 457 2525 metuo,
472 2453 525 2534 qui
544 2471 612 2511 sum
638 2453 781 2509 innocens
788 2477 805 2530 ,·
825 2469 920 2534 neque
933 2454 1164 2530 competitorem
1185 2469 1239 2510 ve·

138 2569 222 2624 reor,
233 2555 286 2634 qui
294 2571 364 2611 sum
380 2552 532 2612 Antonius
540 2575 556 2626 ;
570 2569 668 2634 ncqroe
680 2551 841 2610 consulem
855 2569 957 2628 spem,
976 2555 1030 2634 qui
1047 2566 1093 2611 est
1115 2551 1233 2612 Cicero.

347 2802 350 2808 ,
392 2726 561 2795 valll.
589 2725 631 2794 L.
659 2725 803 2818 Sergius
828 2723 995 2801 Catilina.

185 2899 356 2964 Ferebatur
373 2899 428 2962 suh
445 2901 513 2984 ejus
524 2899 649 2964 nomine
670 2901 770 2966 oratio
785 2901 929 2964 adversus
939 2901 1123 2966 Ciceronem
1139 2905 1236 2982 dicta,
1321 2903 1324 2912 '

143 2999 232 3084 cujus
246 3013 459 3080 argumentum
477 2997 511 3062 in
532 2997 693 3084 superiore
716 3012 841 3062 oratore
864 2999 1076 3065 tractavimus.
1105 2995 1239 3088 [necen-

142 3095 219 3160 tiori
231 3117 296 3160 aevo
315 3094 395 3158 ficte
412 3111 484 3160 sunt
503 3099 570 3159 dure
588 3102 775 3176 responsione
800 3101 959 3159 invectivae
987 3102 1019 3156 in
1036 3097 1238 3176 Ciceronem,

145 3219 214 3279 quae
226 3196 261 3260 in
281 3197 419 3262 Sallustii
434 3199 484 3260 ed.
502 3200 695 3262 Ascenciana
713 3199 811 3278 Lugd.
828 3199 921 3275 1519,
934 3200 953 3260 1
962 3246 974 3276 ,
994 3213 1116 3265 exstare
1132 3200 1240 3265 dicun·

144 3309 210 3358 tur.
227 3295 368 3358 Alteram
378 3293 483 3364 Const.
501 3293 634 3358 Felicius
644 3297 816 3358 Durantius
826 3316 887 3360 suae
900 3297 937 3358 de
952 3297 1166 3382 conjuratione
1184 3300 1241 3364 Ca·

144 3393 283 3458 tilinaria
297 3391 471 3458 narrationi
489 3395 632 3470 inseruit,
650 3417 682 3478 p.
702 3397 796 3460 93-97
817 3399 851 3458 in
872 3396 1014 3460 Sallustio
1032 3399 1199 3481 Cortian05
1224 3422 1242 3464 e

146 3497 217 3559 cod.
244 3515 313 3559 saec.
338 3495 396 3560 XV
414 3493 511 3558 edidit
532 3497 720 3578 Schoettgen.
742 3495 897 3560 Analectt.
927 3501 1065 3560 exomni
1079 3498 1243 3564 meliorum

145 3591 210 3656 litt.
231 3591 566 3678 genere(l.ips.1725)
588 3595 649 3658 vol.
670 3595 715 3667 Il,
731 3615 763 3676 p.
779 3593 903 3656 tlt-52.
920 3595 1009 3656 Conl.
1025 3595 1060 3656 F.
1089 3598 1126 3658 A.
1145 3597 1245 3686 Wolf.¹

148 3693 190 3753 ad
202 3689 269 3754 Cic.
283 3691 373 3756 Orat.
389 3710 447 3774 pro
458 3692 605 3757 Marcello
618 3714 649 3776 p.
666 3691 767 3755 XXX.
789 3686 977 3778 Westerm]

276 3873 392 3945 LXIX
417 3885 454 3944 ct
479 3870 591 3944 LXX.
619 3871 769 3958 Metelli,
804 3869 908 3946 Celer
932 3887 966 3944 et
990 3873 1121 3970 Nepos.

200 4048 267 4113 Cio.
290 4051 376 4114 Brut.
393 4071 422 4114 c.
445 4051 496 4126 to,
520 4051 580 4113 tlt
604 4054 699 4115 :Duo
712 4049 828 4116 Metelli
864 4051 956 4116 Celer
977 4061 1010 4114 et
1031 4053 1144 4135 Nepos,
1167 4051 1247 4145 nihil

158 4151 194 4210 in
205 4147 308 4210 causis
320 4149 447 4226 venati,
470 4169 529 4214 nec
542 4151 746 4232 siueingenio
757 4168 816 4216 nec
828 4150 956 4228 indocti,
976 4152 1036 4214 hoc
1049 4161 1141 4214 erant
1152 4169 1245 4234 popu·

158 4245 227 4308 lare
239 4241 362 4308 dicendi
375 4263 471 4326 genus
481 4245 624 4312 armenti.

947 4363 1079 4429 ,39
