3218 5320
667 410 735 482 315

550 716 660 760 concio
684 717 723 758 nn
747 715 848 770 lours.

192 928 334 992 Frontin.
352 930 589 1010 DeAquaednot.
608 927 708 1000 ello,
725 943 757 1010 p.
774 925 832 989 121
844 927 892 988 ed.
906 924 1012 989 Adler.
1027 945 1036 987 ι
1053 927 1100 989 Ac
1114 927 1153 988 de
1166 925 1249 990 vitiis

149 1024 299 1106 ejusmodi
314 1021 358 1107 (i.
376 1044 404 1086 a.
422 1025 460 1088 de
474 1026 582 1088 fraude
604 1019 824 1110 aquariorum)
846 1043 905 1086 neo
929 1023 1021 1106 plura
1037 1043 1096 1086 neo
1118 1019 1251 1086 meliora

147 1119 209 1183 dici
228 1134 364 1203 possunt,
392 1142 484 1204 quam
499 1144 518 1185 a
531 1119 629 1186 Coelio
648 1121 728 1186 Rulo
742 1121 827 1185 dieta
838 1120 958 1184 suntin
972 1141 1010 1181 eo
1025 1124 1182 1196 concione,
1202 1126 1252 1182 eui

144 1219 247 1279 strutus
256 1233 303 1281 est
316 1219 368 1281 De
381 1224 480 1305 opacis.

183 1357 286 1422 coneto]
306 1373 385 1426 quam
403 1355 497 1408 habuit
514 1353 598 1407 aedilis
615 1353 717 1408 eurulis
731 1373 755 1407 a.
780 1355 815 1408 U·
837 1353 897 1406 703.
911 1351 990 1406 Conf.
1013 1351 1091 1407 Coelii
1112 1353 1198 1425 Epist.
1220 1352 1252 1405 sd

217 1441 312 1506 Cicer„
327 1440 400 1501 vlu,
415 1443 430 1493 6
451 1462 457 1493 :
472 1439 528 1495 Sed
537 1440 591 1494 de'ee'
600 1460 649 1493 non
660 1447 760 1512 potest,
783 1438 905 1510 quomodo
916 1437 957 1492 ln'e
972 1439 1179 1514 onmtisjaeeant.
1194 1437 1258 1490 Νἰιί

217 1548 264 1600 ego
278 1547 335 1580 eum
363 1527 519 1582 tabernariis
540 1535 567 1580 et
586 1528 704 1600 aquard's
717 1545 875 1600 pugnarent,
896 1534 1017 1580 veterane
1033 1526 1162 1580 curialem
1179 1543 1253 1580 eoen-

213 1617 316 1679 posset.

568 1827 837 1852 -—-*-—-

189 2073 324 2156 Quintil.
341 2077 367 2148 l,
391 2077 423 2154 6,
439 2075 502 2138 422
518 2077 626 2158 Neque
649 2076 941 2146 tuburcinnbuadzm
955 2086 989 2140 et
1002 2071 1255 2134 lurcinebnndom

146 2173 255 2256 jamin
271 2173 362 2236 nobis
372 2174 532 2256 quisquam
546 2173 640 2252 ferat,
660 2175 735 2238 licet
745 2173 824 2238 Cato
839 2174 879 2236 sit
891 2186 1022 2248 auotor3
1036 2190 1096 2234 neo
1110 2167 1166 2230 hos
1179 2170 1255 2232 lodi·
1314 2187 1317 2198 “

147 2293 211 2344 ⁶05,
229 2294 412 2361 quamquam
423 2275 456 2352 id
469 2274 606 2340 Pollioni
622 2275 766 2358 placeat3
781 2293 840 2336 neo
854 2273 1003 2354 gladiola,
1021 2266 1109 2351 atqui
1120 2269 1253 2332 Messala

149 2366 243 2445 dixit3
260 2392 318 2436 neo
329 2374 563 2451 parricidarum,
592 2375 672 2454 quod
692 2372 726 2433 in
741 2368 840 2435 Coelio
855 2367 909 2433 vix
931 2368 1097 2432 tolerabile
1118 2367 1251 2440 videtur,
1357 2426 1362 2436 ,

149 2487 207 2529 neo
222 2468 322 2528 collos
338 2469 414 2531 mihi
430 2468 543 2532 calvus
557 2469 754 2552 persuaserit.

182 2603 208 2656 in
228 2603 327 2670 Celso]
346 2606 387 2657 M.
403 2604 511 2657 Celsum
525 2606 634 2676 Rufum,
650 2617 789 2669 oratorem,
816 2622 872 2657 non
891 2603 1000 2658 Coelnem
1019 2604 1200 2672 Antipatrum,
1213 2596 1255 2648 hi-

217 2687 356 2746 storicum,
369 2686 575 2758 intelligendum
589 2705 622 2740 ex
643 2704 675 2750 oo
690 2685 831 2758 ,probabile
844 2697 894 2750 est,
909 2685 982 2756 quod
1000 2681 1176 2756 conjungitur
1193 2697 1255 2743 oum

222 2767 371 2836 oequalibus
387 2769 455 2830 suis,
479 2767 611 2830 Pollione,
638 2767 765 2832 Messala,
784 2768 881 2832 Calvo,
903 2778 1047 2820 utcontra
1070 2764 1262 2836 Spaldingium.

220 2861 292 2902 reete
305 2848 489 2902 animadvertit
502 2848 620 2901 Ellendt.

192 2974 375 3038 Rufinianus
388 2995 421 3060 p.
439 2975 496 3037 211
513 2997 521 3036 ι
536 2974 760 3060 Apophonema
770 2971 927 3038 sententia
942 2971 1120 3056 responsiva
1130 2981 1165 3030 ut
1175 2971 1261 3052 apud

148 3075 282 3139 Coelium
299 3103 307 3137 ι
324 3077 391 3143 Fac
404 3077 497 3146 velis,
510 3077 663 3158 perficies.
972 3067 980 3082 ’
1228 3095 1231 3102 ’

186 3210 317 3276 Celsum]
337 3209 518 3265 Ruhnkeuius
532 3210 656 3262 emendat
670 3209 812 3273 Coeorlrnm,
825 3207 1007 3280 intelligitque
1017 3218 1131 3279 poetam.

192 3333 347 3400 Priscian.
363 3336 417 3408 Vl,
437 3336 467 3410 1,
496 3355 527 3418 p.
547 3336 604 3398 221
627 3331 785 3399 :Coeliusa
801 3334 901 3397 Nullos
927 3337 1044 3394 nationi
1063 3347 1118 3407 tot,
1144 3343 1258 3406 mneos,
1286 3319 1360 3394 198

150 3449 214 3492 tam
233 3437 390 3492 continuos
405 3436 562 3503 victoriae,
584 3447 648 3492 tam
674 3433 756 3495 brevi
781 3437 878 3511 spatio
899 3433 987 3492 datos
1008 3429 1141 3492 arbitror
1164 3449 1259 3513 quam

150 3533 255 3598 vohis.
509 3619 516 3631 .

187 3641 305 3708 Celtica]
323 3641 418 3694 Kiehl.
439 3643 467 3694 in
488 3643 578 3697 lndioe
602 3647 749 3698 Auctor-um
770 3642 856 3697 Coelio
875 3639 1056 3698 ilistorieoid
1072 3639 1185 3706 tribuit,
1205 3638 1257 3714 ,sed

221 3725 403 3778 Ruhnkenius
415 3725 448 3776 od
462 3726 560 3780 Vellei.
576 3726 611 3789 ll,
626 3729 659 3780 68
672 3745 705 3779 ex
719 3726 837 3778 oratione
852 3727 894 3778 M.
911 3723 1032 3780 camd
1049 3721 1166 3793 (lutitiae
1185 3740 1258 3775 sum-

223 3823 299 3881 ptum
318 3829 379 3864 vere
390 3809 529 3882 judicavit.
545 3811 662 3878 Ellendt.
681 3812 804 3866 concioni
818 3813 850 3866 de
867 3811 944 3884 aquei
963 3812 1000 3868 ed
1011 3810 1139 3884 populusne
1152 3808 1256 3862 tribuit.

222 3893 308 3948 Codd.
322 3894 378 3946 fere
390 3895 510 3966 prebent
525 3893 655 3948 Carinus.

192 3991 356 4054 Diomedes
370 4013 403 4076 p.
421 3993 457 4054 41
482 3995 532 4056 ed.
559 3993 639 4056 1526
662 3981 815 4055 :Hietar‘e
835 4006 867 4056 et
890 3992 1007 4053 liotore
1028 4002 1151 4054 veteres
1177 3987 1261 4050 dixe·

150 4104 236 4150 runt.
268 4091 405 4155 Coelius:
430 4094 562 4178 Sequere
588 4109 618 4152 tn
647 4114 717 4170 me,
746 4098 799 4178 qui
825 4091 901 4153 mr'hr‘
929 4095 1063 4154 oscitans
1086 4087 1260 4172 hr'etansque

154 4205 250 4252 astae.
