3288 5344
697 439 743 510 29

182 591 289 658 specta
303 577 446 642 africani
463 591 563 643 mora
576 577 700 640 leniret.
721 580 800 640 Nam
812 595 866 640 eno
882 593 968 638 more
978 577 1018 638 ad
1034 576 1131 640 bonos
1145 574 1271 640 natiuae

181 673 357 738 Carbonem
374 674 485 738 Cicero
500 674 588 736 dixit.
605 677 644 738 L.
658 694 733 736 sane
746 673 902 757 Opimium
920 693 940 734 a
958 673 993 734 P.
1008 673 1103 742 Decio
1116 673 1191 736 trib.
1210 675 1254 756 pl.
1259 717 1269 750 ,

182 776 263 855 quod
283 774 477 838 indemnatos
497 775 670 850 occidisset,
695 773 865 854 majestatis
874 774 1060 856 postulatam
1073 775 1226 848 defendit,
1240 787 1272 836 et

182 883 217 932 nt
236 872 449 934 absolveretur
462 872 569 936 evicit.
590 873 653 936 Sed
672 885 707 934 ut
720 873 772 934 hic
791 872 852 934 alia
868 873 902 934 in
922 891 1015 934 eausa
1027 870 1153 932 meritas
1166 891 1273 952 panum

181 970 277 1046 dedit,
296 971 341 1032 ita
358 971 530 1035 Carbonem
540 990 582 1034 ne
594 972 725 1036 delnotio
739 972 860 1052 quidem
875 991 894 1032 a
907 970 1049 1053 populari
1067 970 1190 1032 ratione
1208 989 1270 1032 aer·

182 1089 256 1135 vare
266 1073 377 1152 potuit.
392 1071 516 1155 Quippe
528 1073 652 1138 vixdum
666 1074 845 1154 magistratu
864 1072 996 1144 abierat,
1009 1093 1079 1136 cnm
1089 1093 1108 1132 a
1117 1073 1152 1134 L.
1162 1071 1272 1134 Crasso

181 1171 375 1236 adolesoante
388 1186 549 1236 aremus
569 1185 628 1248 est,
643 1187 675 1236 et
689 1186 807 1236 certam
819 1172 1048 1236 damnationem
1072 1173 1181 1234 videus
1201 1189 1273 1232 can·

181 1265 320 1330 tharidas
331 1269 471 1351 sumpsit.
484 1270 554 1332 Non
565 1268 769 1350 improbabile
791 1283 853 1342 est,
872 1268 1073 1332 Gracchanas
1091 1267 1211 1349 judices
1228 1265 1274 1328 sie

181 1366 347 1447 punivisse,
363 1371 443 1450 quod
462 1387 549 1432 suam
568 1389 691 1432 causam
706 1389 805 1452 nuper
820 1367 1015 1432 deseruisset.
1032 1371 1075 1433 Vs
1090 1368 1156 1430 Cic.
1177 1369 1271 1446 Legg.

181 1463 240 1536 lll,
260 1463 317 1538 19,
339 1465 418 1546 Epp.
435 1467 475 1528 ad
492 1465 575 1526 divv.
589 1467 646 1541 tx,
675 1465 728 1542 21,
748 1468 836 1528 Brut.
857 1485 887 1528 e.
909 1465 963 1526 27.
984 1463 1119 1526 Dissidet
1132 1462 1274 1526 valerius

181 1563 333 1629 Maximus
347 1567 403 1641 lll,
422 1567 451 1641 l,
477 1567 507 1641 6,
525 1566 559 1628 iu
577 1567 720 1632 exsilium
743 1567 855 1629 abiisse
877 1584 1021 1628 namans.
1046 1564 1106 1628 Sed
1121 1563 1275 1634 manifesti

182 1659 299 1722 aramis
313 1661 443 1724 abornm
461 1662 584 1724 testium
597 1681 747 1726 eorrsensu
761 1663 960 1741 coarguitur,
985 1663 1038 1742 qui
1060 1673 1191 1722 mortem
1208 1679 1273 1722 cer·

182 1767 245 1816 tam
266 1759 472 1830 ostendentes,
488 1759 527 1820 de
540 1759 647 1820 mortis
661 1779 775 1838 genere
791 1759 963 1838 ambigunt,
989 1758 1070 1838 quod
1090 1757 1275 1839 necopinato

182 1861 214 1914 et
228 1851 374 1916 eeleritm
388 1854 559 1918 caminatas
573 1867 632 1918 est.

225 1952 277 2014 22.
300 1955 338 2014 ln
356 1955 416 2016 hoe
439 1954 508 2016 viro
525 1975 632 2016 rursum
645 1954 782 2018 dolorem
802 1953 995 2028 confitemur,
1011 1956 1092 2035 quod
1114 1955 1168 2016 vin
1178 1953 1274 2014 ullum

182 2063 236 2112 aut
254 2052 464 2115 testimonium
485 2063 541 2114 aut
553 2055 769 2116 documentum
782 2053 865 2114 aliud
879 2055 917 2116 de
930 2053 1072 2114 laudibus
1086 2051 1152 2134 ejus
1173 2065 1274 2114 orato·

183 2149 240 2210 riis
251 2163 360 2212 exstet.
382 2149 434 2238 [V.
450 2152 490 2212 ir.
502 2173 540 2234 p.
565 2153 624 2214 110
639 2149 722 2240 sqq]
746 2152 876 2230 Ingenio
896 2165 1000 2214 autem
1019 2171 1164 2230 magnum
1184 2151 1276 2212 luisse

182 2267 221 2310 ex
233 2251 330 2312 Bruto
345 2251 552 2314 Ciceroniano
570 2273 598 2314 c.
624 2253 663 2314 27
684 2253 758 2314 licet
771 2253 929 2330 colligere.
947 2254 1025 2314 Nam
1048 2271 1118 2313 cum
1135 2253 1276 2314 Porcina

182 2346 419 2412 auditorluisset
433 2347 493 2431 (ib.
511 2369 540 2410 c.
553 2349 593 2412 25
604 2350 627 2432 ),
643 2351 738 2412 multa
747 2351 970 2414 exercitatione
985 2347 1194 2423 confirmatus,
1211 2361 1275 2410 tam

182 2444 378 2506 vehementia
393 2445 525 2507 actionis
543 2459 576 2508 et
595 2465 713 2508 cariora
732 2460 765 2508 et
788 2446 958 2530 profluente
977 2446 1143 2510 verborum
1157 2443 1276 2507 volubi-

181 2539 271 2602 litate
282 2539 294 2614 (
305 2542 353 2603 De
366 2554 446 2604 orat.
460 2545 487 2618 l,
503 2544 519 2604 l
534 2543 557 2628 ),
571 2555 637 2608 tum
653 2545 880 2606 commovendis
893 2544 1094 2626 sedandisque
1107 2542 1203 2604 animi
1214 2561 1276 2604 mo·

182 2638 265 2700 tibus
286 2639 476 2702 admirabilis
493 2639 602 2702 evasit.

223 2737 283 2800 Sed
296 2737 396 2800 literis
406 2738 548 2820 etpatrio
560 2739 655 2799 enam
669 2757 759 2800 more
769 2751 801 2800 et
809 2737 879 2818 jure
893 2759 1001 2820 parum
1026 2739 1177 2800 imbutum
1188 2737 1277 2800 luisse

183 2848 303 2898 certum
329 2849 375 2900 est
397 2835 485 2919 (Cic.
507 2839 554 2898 De
576 2849 657 2898 orat.
675 2837 702 2906 I,
730 2835 779 2906 10,
800 2836 870 2918 40).
895 2839 985 2918 Quod
1009 2839 1047 2898 de
1072 2839 1113 2900 C.
1134 2835 1278 2908 Carbone

176 2934 278 2999 ¹etiarn
301 2937 335 2996 in
350 2935 553 2996 tabernaculo
567 2933 747 3013 quotidiana
771 2925 939 3014 scriptione
952 2948 1102 3016 occupatu
1115 2919 1278 3016 Quintilia-

184 3049 243 3092 nus
256 3031 346 3092 allent
367 3033 407 3105 X,
435 3033 467 3102 l,
490 3032 542 3103 27,
566 3043 671 3093 nostro
688 3029 805 3114 injuria
826 3031 923 3092 tribui
950 3043 1036 3094 reete
1061 3031 1279 3092 animadvertit

184 3126 395 3209 Spaldingius3
414 3149 485 3190 nam
506 3131 589 3192 hunc
606 3130 724 3194 bellicis
736 3131 829 3194 rebus
842 3151 967 3193 vacasse
988 3151 1136 3214 nusquam
1151 3127 1276 3210 legitur.

191 3221 413 3312 [Nihilominus
433 3225 639 3308 probabiliter
654 3230 691 3290 de
708 3241 816 3290 nostro
829 3228 962 3308 intelligi
981 3228 1082 3292 locum
1093 3228 1279 3311 antiliaai

183 3324 311 3406 exponit
332 3326 498 3388 Westerm.
521 3345 553 3407 p.
573 3324 614 3388 88
641 3323 703 3412 sq]
721 3325 782 3388 Sed
800 3324 909 3388 Caium
930 3346 987 3408 pro
1012 3325 1105 3390 Cnoeo
1134 3325 1278 3388 Carbone

184 3430 235 3480 ter
249 3420 320 3486 Cas.
347 3419 512 3485 aberrante
535 3417 683 3488 memoria
714 3419 939 3502 Quintilianum
966 3423 1077 3494 dixisse
1099 3441 1162 3484 non
1181 3423 1279 3502 magis

156 3583 162 3588 ,
184 3516 345 3600 probabile
370 3529 433 3595 est3
456 3537 527 3580 nam
549 3518 631 3580 hune
648 3537 755 3581 rursus
776 3519 955 3600 eloquentia
973 3515 1123 3580 studuisse
1143 3538 1206 3580 non
1233 3533 1278 3580 est

184 3613 341 3678 traditum.
358 3615 571 3698 ¹Relinquitur
594 3613 690 3694 igitur
709 3627 742 3676 ut
761 3617 795 3682 C.
822 3617 942 3698 quidem
965 3616 1140 3680 Carbonem
1166 3616 1278 3694 eogita-

184 3717 266 3778 rerit
283 3715 505 3798 Quintilianus,
530 3718 583 3780 sed
607 3737 711 3778 rerum
730 3719 930 3782 castrensium
958 3716 1277 3782 commemorationem

184 3813 245 3878 Cn.
261 3815 409 3878 Carbonis
423 3816 558 3896 imagine
579 3814 762 3880 obversante
780 3816 906 3880 fortuito
927 3814 1137 3882 admiscuerit.
1159 3821 1277 3881 Auctor

185 3911 309 3992 Dialogi
321 3913 369 3976 De
391 3922 483 3976 oratt.
500 3933 529 3974 c.
557 3910 606 3984 18,
623 3911 671 3974 nil
689 3912 748 3977 nisi
767 3934 879 3976 nomen
893 3911 960 3994 ejus
972 3913 1057 3990 inter
1071 3925 1192 4001 veteres
1210 3935 1277 3978 ora·

185 4023 269 4076 tores
281 4025 435 4076 recenset.

227 4113 279 4175 23.
302 4113 512 4176 Atnemohae
522 4126 612 4176 etan
625 4112 801 4175 uberiorem
814 4111 871 4174 sibi
882 4111 1014 4193 gloriam
1026 4118 1167 4197 quesivit
1186 4137 1275 4198 quam
1395 4109 1401 4116 ’

187 4207 247 4272 dno
268 4209 413 4286 Gracchi,
429 4211 589 4292 inquibus
606 4223 709 4274 tannen
722 4209 796 4274 illud
818 4229 922 4274 rursus
937 4213 1053 4291 evenit,
1073 4227 1107 4276 ut
1121 4213 1219 4296 major
1234 4215 1274 4275 al·
