3246 5340
750 405 817 478 357
842 395 845 402 ’

229 550 299 596 lares
311 542 381 596 νὶάιο
390 561 546 617 quamquam
558 521 716 614 quadripedo
727 544 823 594 canedo
837 558 916 594 cursu
929 545 949 590 l.
961 557 987 588 n.
998 554 1030 606 p.
1040 556 1167 609 nusquam
1174 544 1262 611 jesta-

233 635 283 680 tent
291 629 407 684 studere.
575 646 577 654 ·

203 751 264 812 Dio
274 753 397 814 Cassius
408 755 489 827 LIX,
510 756 546 831 19
565 775 573 812 t
591 764 619 816 ‘0
634 761 662 816 db
676 761 707 821 dd
722 766 822 822 Σινίκας
835 767 848 815 d
859 764 951 822 Ἀννῖος
963 764 1071 824 Acbarus,
1086 766 1097 814 ὁ
1110 763 1204 822 πάντας
1218 766 1262 834 pis

92 903 95 906 ,
160 851 213 909 τοὺς
226 855 280 902 καθ’
294 853 376 904 ἑαυτὸν
392 852 532 923 Ῥωμαίους,
545 853 646 910 πολλοὺς
656 849 683 903 δὲ
693 850 735 902 καὶ
749 850 834 909 ἄλλους
842 850 916 920 σοφίᾳ
929 851 1060 921 ὑπεράρας,
1076 847 1191 920 διεφθάρη
1202 850 1263 920 παρ’

159 945 250 1016 ὀλίγον,
265 948 322 1016 μήτ’
332 945 451 1007 &datdeus
467 969 490 1000 τι
501 949 561 1018 μήτι
571 946 650 1010 δέξας,
667 949 702 999 ὅτι
717 944 785 1002 δίκην
794 946 847 998 τινὰ
856 949 879 998 ἐν
889 953 923 1017 τῷ
936 945 1050 1016 wstdpiop
1064 948 1180 1016 stupebant
1189 947 1262 998 αὑτοῦ

156 1041 257 1114 (latinu)
267 1051 347 1104 καλῶς
359 1039 418 1098 titre.

193 1195 287 1258 καλῶς]
306 1191 377 1244 idem
391 1191 489 1264 legitur
498 1191 526 1243 in
540 1193 627 1245 Vatia.
642 1193 744 1265 Fragm.
756 1195 836 1246 Dion.
848 1193 921 1245 Cass.
937 1195 981 1246 85.

200 1344 325 1406 Sueten.
348 1341 449 1420 Calig.
470 1362 499 1402 e.
526 1343 587 1404 53:
604 1340 744 1421 Caligula
758 1345 858 1406 lenius
871 1345 1083 1427 comptiusque
1104 1343 1262 1409 scribendi

156 1463 255 1523 genus
265 1443 342 1504 adeo
349 1454 552 1503 contemnens
559 1437 629 1514 fuit,
639 1453 674 1502 ut
681 1442 844 1513 Senecam,
857 1459 920 1503 tam
927 1444 1259 1522 maximeplacemem,

156 1542 392 1600 commissiones
413 1557 517 1598 meras
541 1557 726 1616 componere
737 1556 780 1598 ,et
799 1561 929 1600 arenam
951 1562 1019 1602 esse
1034 1543 1099 1601 sine
1119 1540 1205 1598 culce
1217 1539 1261 1599 di.

155 1652 257 1703 caret.
1146 1676 1151 1688 ·
1208 1648 1214 1659 '
1251 1671 1254 1679 =

200 1739 302 1800 Tacit.
326 1741 409 1800 Anu.
431 1736 525 1807 Xlll,
545 1736 581 1797 3:
599 1737 658 1797 Die
672 1735 789 1800 funeris
802 1740 1013 1802 laudationem
1028 1738 1096 1820 ejus
1110 1739 1258 1821 princeps
1287 1718 1356 1789 239

158 1860 287 1902 exorsus
301 1852 359 1901 est.
385 1839 468 1900 Dum
481 1839 689 1920 antiquitatem
703 1844 838 1918 generis,
854 1842 1027 1901 consulatus
1040 1837 1261 1917 ac·rrtumplos

157 1935 320 2020 nsajomm
331 1937 543 2008 enumerabat,
554 1937 693 1998 intentus
704 1934 771 2020 ipse
785 1951 817 2000 et
827 1941 936 2013 eeteri,
951 1941 1124 2000 liberalium
1140 1959 1259 2020 qnoque

155 2044 273 2098 ara'um
284 2038 547 2112 commemoratio,
566 2051 597 2100 et
610 2036 687 2099 nihil
694 2055 817 2118 regente
830 2061 867 2100 eo
882 2046 961 2120 reip.
974 2046 1061 2100 triste
1074 2042 1260 2100 coaeternis

155 2137 320 2210 accidisse,
337 2138 446 2220 pronis
461 2137 572 2198 animis
591 2132 714 2198 audita:
731 2151 889 2222 postquam
909 2142 951 2199 ud
966 2141 1191 2218 providentiam
1210 2159 1259 2197 sa·

153 2237 365 2316 plenariamque
382 2233 478 2302 flexit,
500 2253 592 2296 nemo
610 2229 688 2294 risui
706 2244 892 2315 temperare,
910 2255 1092 2318 quamquam
1111 2238 1220 2307 oratio,
1241 2255 1261 2291 a

156 2329 274 2388 Seneca
288 2333 470 2408 composita,
488 2331 617 2388 multum
631 2331 725 2390 cultus
737 2333 912 2411 proefhrret,
927 2347 961 2390 ut
961 2336 1027 2412 sitit
1042 2333 1087 2391 illi
1095 2337 1165 2391 vr'ro
1179 2335 1261 2410 inge·

155 2431 244 2484 nium
257 2435 411 2488 emmaum
425 2442 455 2486 et
468 2430 615 2505 temporis
629 2423 694 2506 epus
708 2426 833 2486 auribus
846 2429 1125 2489 accommodatum.

190 2565 257 2635 ejus]
265 2561 372 2614 Claudii
384 2563 550 2632 imperatoris
563 2581 611 2632 per
624 2561 795 2634 Agrippinam
809 2582 918 2616 uxorem
930 2580 1033 2616 veneno
1045 2563 1132 2616 necati
1144 2581 1215 2615 anno
1226 2565 1258 2615 U.
1351 2616 1356 2622 ,

227 2647 289 2709 8⁰6,
299 2665 328 2716 p.
338 2646 403 2697 Chr.
415 2647 459 2697 54.
1031 2642 1037 2651 ’
1192 2645 1196 2655 ’

187 2755 407 2825 prt'ncaps1Nero.
458 2768 462 2776 ·

195 2877 307 2942 Oratio
323 2877 449 2939 Senecae
467 2879 507 2939 ad
522 2879 678 2941 Neronem
692 2890 793 2940 exstat
810 2875 845 2939 iu
860 2875 964 2940 Taciti
981 2879 1097 2939 Annal.
1112 2878 1204 2952 Xlll‚
1220 2878 1259 2940 53

152 2991 185 3038 et
202 2978 257 3041 54.
279 2977 442 3042 Occiditur
454 2977 539 3070 jussu
554 2981 688 3050 Neronis
708 3001 738 3041 a.
760 2981 800 3045 U.
814 2979 887 3052 818,
909 2999 941 3060 p.
956 2977 992 3041 C.
1008 2978 1067 3075 66.Ι
1079 2980 1155 3040 Tac.
1171 2982 1258 3040 Ano.

155 3078 222 3154 XV,
239 3081 292 3142 60.

463 3221 535 3292 Cll.
564 3217 606 3291 C.
627 3217 749 3290 Caesar
767 3215 950 3314 Caligula.

197 3421 332 3506 Accepit
345 3425 510 3507 imperium
523 3443 553 3485 a.
565 3426 606 3490 U.
617 3425 691 3501 789,
705 3443 738 3506 p.
751 3424 808 3486 Ch.
824 3423 876 3485 tt.
948 3468 953 3479 .

195 3524 269 3588 Uno
285 3535 405 3584 tantum
418 3521 664 3603 adprobandum
679 3519 845 3583 innitimur
859 3524 939 3595 loco,
956 3520 1128 3598 Caligulam
1143 3521 1260 3582 oratio-

157 3640 210 3680 nes
235 3616 378 3682 edidisse.
404 3620 547 3699 Legimus
568 3620 651 3680 enim
671 3621 751 3700 apud
771 3616 954 3684 Suetonium
968 3615 1068 3697 Calig.
1086 3638 1114 3680 e.
1134 3617 1193 3678 53:
1215 3617 1260 3678 Ex

155 3714 332 3800 disciplinis
339 3717 520 3779 liberalibus
533 3713 695 3779 minimum
710 3717 889 3791 eruditioni,
900 3714 1082 3798 eloquentie
1094 3716 1261 3798 plurimum

156 3816 302 3888 attendit,
320 3816 516 3898 quantumvis
529 3814 679 3878 facundus
698 3827 731 3877 et
751 3829 924 3899 promptus,
941 3815 1047 3896 utique
1062 3816 1089 3877 si
1110 3834 1261 3897 peroran-

157 3914 230 3974 dum
245 3913 279 3973 iu
294 3914 425 3994 aliquem
441 3925 532 3974 esset.
557 3913 643 3974 Irato
659 3926 691 3976 et
704 3913 803 3975 verba
817 3926 850 3974 et
862 3913 1026 3975 sententia
1040 3913 1258 3996 suppetebant.

157 4010 285 4073 Solebat
299 4013 393 4074 etiam
408 4010 566 4094 prosperis
579 4023 737 4072 oratorum
758 4008 931 4074 actionibus
947 4011 1122 4074 rescribere
1143 4023 1175 4074 et
1195 4031 1259 4072 ma·

157 4125 290 4182 gnosum
299 4101 333 4168 in
343 4121 451 4169 senatu
465 4123 589 4170 reorum
605 4104 817 4170 accusationes
832 4107 1086 4189 defensionesque
1100 4107 1259 4178 meditari,

160 4224 196 4268 ae
211 4222 304 4288 prout
317 4210 404 4274 stilus
419 4219 569 4283 cesserat,
587 4209 637 4272 vel
651 4229 784 4274 onerare
799 4209 953 4276 sententie
973 4229 1028 4276 sua
1043 4229 1194 4294 quemque
1209 4209 1259 4276 vel
