3246 5340
728 449 795 522 395

245 578 344 640 Epistola
364 595 388 624 ea
402 583 543 626 Historiarum
558 583 662 629 tractato-*-
707 643 708 646 Ἴ

242 659 360 718 perditisps
373 662 411 704 38.

214 753 258 783 non
269 743 335 784 simus
345 757 386 800 pro
396 757 423 786 nc
432 745 499 786 simus
713 762 725 802 7

213 818 278 872 Nyso,
288 817 332 862 lilia
342 821 360 862 ll
364 821 467 866 icomedis
476 823 537 874 tlt‚a
548 824 618 874 slusa,
629 838 662 866 re·

245 899 295 952 gina
308 898 425 958 Bithynice,
439 900 544 960 distingui
557 901 628 959 debet,
640 917 666 950 ut

244 995 313 1040 nuper
321 982 349 1026 ad
354 982 434 1028 Salassi
442 985 550 1028 Orationes
556 995 575 1029 at
581 987 665 1044 Episto-

244 1057 275 1100 las
293 1073 315 1116 p.
335 1061 360 1103 52
379 1058 455 1104 docuit
470 1061 574 1108 Orellius.
591 1065 664 1116 Quare

244 1146 310 1191 supra
322 1149 371 1192 pag.
389 1136 468 1190 181‚l.
487 1150 523 1180 rs.
537 1141 561 1182 in
569 1141 611 1186 illo
620 1141 664 1197 Ny-

242 1227 288 1255 sam
304 1214 335 1256 set
348 1215 439 1270 Musam,
450 1217 522 1274 filiam
541 1219 665 1274 Nicomedis,

241 1293 329 1352 defendit
339 1295 455 1339 delendum
465 1307 496 1340 est
504 1299 533 1340 vat
541 1301 630 1344 Musam,

191 1370 331 1420 ,obstinatus
697 1395 722 1422 as

211 1435 361 1507 occisitantur,
373 1465 397 1496 ut
412 1455 567 1499 obsonitavere·
696 1461 723 1512 lt

209 1529 333 1582 optionatus
699 1539 723 1580 ¹8

209 1617 308 1653 oratores
696 1619 724 1660 54

209 1686 332 1732 ordinarius
695 1695 722 1736 fii

209 1772 242 1812 osi
253 1781 305 1814 sunt
682 1777 723 1819 rai

207 1857 351 1916 Oudendorp.
611 1865 660 1915 sis,
682 1865 723 1908 sss

207 1949 257 1978 oves
266 1932 361 1994 pascales

206 2025 305 2070 parentes
315 2017 330 2058 i.
342 2031 362 2058 e.
374 2025 445 2060 mater

205 2099 264 2155 parsi
272 2114 317 2143 non
327 2104 412 2159 peperci

205 2174 315 2231 pasceolus

204 2249 283 2306 pedato

203 2337 316 2382 penatores

203 2411 326 2468 perpetuius
403 2393 405 2398 Ι

203 2486 294 2544 plevitss

200 2571 332 2628 portisculus

203 2653 388 2705 postremissimus

203 2740 315 2786 poteratur
325 2747 365 2788 pro
374 2742 460 2790 poteras

201 2818 299 2865 potestur

201 2887 289 2942 pramis
297 2899 385 2944 patrum

199 2964 336 3018 praemiosans

199 3049 279 3094 praeter
288 3053 379 3100 propter

198 3133 283 3176 Pl'eoelll

198 3197 311 3253 primanus
319 3201 421 3244 tribunus

199 3279 294 3336 priorem
304 3290 325 3324 et
333 3293 419 3342 portuns
432 3285 524 3328 conlusa

199 3355 344 3412 proletarium

197 3447 322 3492 properare,
332 3438 435 3482 festinare

195 3509 295 3564 proditio

196 3585 317 3641 pulchralia

196 3670 369 3723 punctatoriolas

196 3743 326 3800 quadrantal

197 3833 301 3878 quatenos

195 3909 247 3952 ques

194 3991 338 4038 quascumque

192 4056 230 4112 qui
240 4071 279 4113 pro
287 4060 366 4116 quibua

191 4138 305 4195 quisquam
317 4151 337 4182 et
346 4143 452 4203 quispiam
465 4150 553 4194 contus·
604 4155 645 4208 51,
662 4159 702 4200 10⁵

792 602 841 632 rare
912 639 915 646 ,

792 672 898 715 ratissima

793 757 870 792 rastas

791 833 920 888 recepticius
932 845 1011 876 servas

792 917 852 952 racto
862 909 935 952 fronte

791 985 922 1042 repastinari

791 1063 900 1122 repulsior

791 1143 923 1191 ridicularia

789 1229 873 1284 rogatio
883 1228 955 1272 Plotia
963 1231 1045 1286 incerts

789 1320 851 1350 sacra
863 1316 918 1352 stata

791 1367 929 1444 sepissima}

790 1465 919 1514 salinatores
929 1473 1000 1515 aerarii

791 1545 886 1589 Sallustii
896 1549 1009 1594 orationes

791 1641 832 1683 pro
843 1625 936 1686 scapulis

788 1707 888 1750 senatuis
898 1709 997 1754 consulta

789 1779 875 1826 Seneca
882 1787 1016 1843 temporibus
1025 1789 1149 1846 AppiiCect
1157 1791 1235 1836 dictio·

821 1871 871 1902 nem
882 1861 983 1906 nonnulli
993 1863 1113 1908 laudabant

788 1953 887 1984 seorsum
1277 1957 1308 2014 ⁸9

789 2013 849 2058 Serv.
860 2016 970 2076 Sulpicius
980 2036 1021 2079 pro
1029 2023 1114 2066 Aufidia
1124 2024 1186 2080 dixit,
1196 2041 1242 2069 non

819 2107 953 2142 contraeam
1157 2109 1159 2114 ’
1261 2111 1304 2163 ¹2⁵

787 2173 845 2227 sino,
855 2177 897 2220 sini
908 2193 948 2238 pro
961 2182 1002 2224 sivi
1261 2199 1303 2240 1²9

694 2263 702 2285 r
786 2253 877 2312 siremps
887 2257 940 2300 coll.
952 2273 1016 2316 eapse
1030 2271 1050 2304 et
1062 2259 1151 2318 mihipte
1274 2265 1301 2307 83

729 2392 730 2400 ¹
785 2327 881 2374 siticines
1275 2342 1306 2384 ilo

784 2405 855 2462 soleo,
864 2409 922 2452 solui
1273 2433 1302 2474 po

690 2504 694 2514 =
785 2487 882 2532 sonivios
1274 2515 1298 2541 as

786 2569 890 2622 spatiator
1274 2578 1302 2618 68

785 2645 878 2700 spiciunt

783 2727 896 2769 staticulos
908 2727 963 2770 dare

784 2806 885 2848 succidias
895 2805 996 2850 humanae

783 2883 847 2929 sultis

782 2962 920 3002 surrectisare
935 2961 973 3004 61.
986 2962 1042 3004 Sunt
1053 2961 1074 3003 in
1084 2961 1174 3020 antiquo
1188 2977 1235 3007 ser·

814 3053 880 3082 mone
888 3040 957 3084 latino
964 3040 1033 3084 msslta
1041 3041 1108 3085 verba
1116 3043 1237 3101 frequenta-

813 3118 857 3161 tiva
867 3129 888 3161 et
898 3117 1040 3174 diminutiva,
1050 3134 1098 3177 quse
1107 3132 1182 3178 postea
1191 3137 1236 3166 non

812 3201 906 3263 amplius
920 3213 1057 3256 occurrunt,
1072 3213 1096 3246 ut
1106 3203 1180 3248 datare
1196 3207 1234 3262 67.

812 3281 927 3324 dissertare
939 3283 976 3338 69.
991 3284 1086 3326 natinari
1102 3284 1140 3328 86.
1155 3287 1234 3330 occisi·

810 3376 857 3411 tare
867 3369 902 3412 18.
912 3366 1037 3412 obsonitara
1047 3369 1084 3412 ii.
1091 3369 1234 3414 mediocricu-

810 3447 1237 3508 lus73.pauculi73.redemptitareilfi.

777 3525 847 3568 Taciti
857 3529 967 3570 orationes

777 3605 916 3664 Thucydidis
926 3609 1037 3650 orationes

775 3685 841 3729 trulla

775 3767 916 3810 vesticularia

775 3847 908 3890 victoriosus

773 3922 870 3966 villicare

680 4041 684 4051 ,
774 4017 815 4047 usu
829 4005 888 4046 venis

773 4085 874 4126 uxorium

579 4285 905 4318 „ma-Q...—
