3288 5344
918 435 965 506 to

392 593 543 647 servasse,
555 573 636 634 hand
645 573 738 636 dubie
746 591 785 636 cu
798 567 966 634 Posidonio
978 566 1119 632 tradidit.
1133 569 1182 631 Do
1195 579 1293 630 morte
1302 565 1414 630 Rutilii
1425 587 1487 633 uon

335 726 342 744 .
393 688 526 738 constat.
543 675 622 734 Nam
639 675 720 753 quod
739 675 889 734 Ernestus
906 669 939 732 in
960 669 1055 736 ctare
1069 667 1138 732 Cic.
1153 689 1191 730 ex
1215 669 1341 732 Tuscul.
1363 667 1419 742 lv,
1436 671 1486 742 11,

392 772 504 838 leviter
527 784 727 851 aegrotantem
742 771 782 834 ob
792 770 898 833 fratris
914 771 1069 852 repulsam
1084 781 1214 851 repente
1228 781 1384 830 mortuum
1397 767 1483 845 dicit,

253 859 260 878 '
392 874 427 937 in
439 873 500 934 hoc
516 873 552 932 P.
569 867 731 951 Rupilium
744 869 816 932 Cos.
841 869 903 930 620
922 887 993 930 cum
1006 877 1114 928 nostro
1136 867 1345 940 confundens,
1361 879 1397 925 ut
1417 880 1487 927 ante

393 973 433 1034 de
451 967 572 1032 Brossio
585 967 771 1042 notavimus,
795 965 921 1047 egregie
941 964 1170 1038 hallucinatum
1186 967 1300 1050 deque
1316 988 1352 1029 re
1366 965 1486 1031 Wetne·
1586 1050 1592 1060 ἱ

396 1068 456 1130 lius
474 1065 508 1128 in
522 1066 607 1148 prael.
622 1068 662 1128 ad
676 1068 808 1126 Brutum
822 1086 854 1144 p.
870 1061 1164 1128 LXXVII-monuit.

435 1165 549 1230 Varias
563 1165 614 1228 vir
625 1179 689 1226 tam
702 1163 836 1228 eximius
851 1162 885 1226 in
906 1185 972 1228 sese
985 1165 1093 1226 laudes
1106 1161 1214 1226 sociali
1223 1161 1349 1226 ninello
1365 1159 1489 1244 iunctm

392 1257 545 1330 exhibuit.
567 1259 672 1325 Fortis
697 1260 781 1325 enim
803 1261 884 1325 bello
903 1275 935 1324 et
952 1260 1018 1342 jam
1037 1262 1281 1324 adolescentulus
1295 1258 1433 1343 Scipioni
1450 1265 1488 1324 ad

391 1358 593 1428 Numantiam
608 1357 849 1440 acceptissimus,
872 1356 993 1438 ingenii
1008 1359 1105 1432 cultu,
1122 1355 1231 1421 Stoica
1243 1355 1408 1440 disciplina
1423 1379 1491 1420 ern·

316 1543 319 1550 .
392 1461 485 1535 ditus,
496 1473 531 1520 ut
540 1456 671 1520 Panaetii
682 1455 815 1533 auditor,
826 1455 1048 1540 jurisperitus,
1061 1470 1169 1521 orator
1178 1467 1211 1519 et
1217 1455 1419 1520 historiarum
1427 1472 1494 1519 tunt

391 1567 503 1630 Graece
525 1573 591 1620 tum
613 1557 724 1623 Latine
748 1557 884 1642 scriptor
904 1559 1060 1622 excelluit.
1078 1559 1197 1634 Praeter
1209 1559 1276 1634 bos,
1301 1557 1414 1640 quibus
1425 1559 1489 1640 jam

391 1661 523 1726 testibus
535 1659 706 1730 nsisumus,
723 1660 764 1730 ,ct
781 1657 850 1722 Cic.
870 1661 918 1722 De
939 1661 1060 1741 republ.
1086 1661 1111 1733 l,
1133 1662 1163 1732 8,
1183 1659 1255 1720 coll.
1275 1661 1326 1734 11,
1349 1673 1383 1723 et
1395 1659 1485 1724 orta.

392 1762 433 1832 11,
449 1762 498 1834 13,
515 1777 576 1840 quo
586 1757 654 1818 loco
668 1753 744 1818 libri
759 1755 874 1837 ejusde
887 1755 959 1836 jure
979 1755 1066 1818 civili
1080 1757 1259 1829 laudantur,
1274 1777 1314 1820 ex
1324 1759 1489 1838 quemulta

391 1857 541 1938 praeclara
556 1851 650 1918 etiam
670 1850 826 1918 orationes
844 1849 1056 1929 continuisse,
1071 1850 1230 1933 ceteroqui
1244 1851 1385 1933 jejunas,
1409 1851 1488 1916 idem
1621 1887 1622 1936 l

391 1960 480 2020 Brut.
495 1977 525 2018 c.
542 1957 592 2030 30,
610 1954 669 2014 111
686 1955 840 2017 observat.
855 1953 991 2018 Dederat
1001 1953 1086 2018 enim
1099 1956 1177 2016 seP.
1192 1951 1294 2016 Mucio
1303 1955 1446 2018 Sotevolae
1455 1953 1488 2017 in
1621 1947 1622 2026 l

387 2055 459 2136 jure
470 2051 686 2118 erudiendum.
709 2048 778 2114 Cic.
794 2049 884 2115 Ollio.
912 2051 934 2112 l.
955 2073 985 2112 c.
1001 2054 1079 2117 Nan
1098 2048 1238 2132 Opilium
1252 2071 1374 2132 qnoque
1389 2071 1487 2131 gram·

390 2151 538 2218 maticum
549 2173 620 2214 cnm
634 2173 672 2216 eo
683 2152 717 2212 in
730 2147 842 2212 exsilio
852 2151 1048 2214 consenuisse
1063 2148 1229 2214 Suetonius
1239 2153 1287 2214 De
1298 2148 1344 2212 ill.
1357 2171 1486 2230 gramm.

392 2276 420 2316 c.
440 2256 469 2327 6,
490 2267 522 2314 et
540 2251 744 2335 Symmachus
758 2252 836 2330 Epp.
855 2251 883 2321 l,
909 2249 963 2324 22,
982 2249 1169 2311 retulerunt.
1186 2252 1274 2314 lnter
1295 2252 1380 2313 viros
1392 2249 1489 2313 literis

395 2349 579 2416 cultissimus
594 2371 663 2414 cum
682 2347 830 2431 Scipione
850 2363 882 2410 et
895 2349 1002 2411 Persio
1015 2347 1083 2411 Cic.
1111 2348 1211 2431 (Brut.
1240 2369 1270 2412 c.
1290 2351 1347 2436 21)
1359 2353 1489 2417 eundem
1621 2359 1622 2402 l

392 2451 529 2516 Lucilius
553 2450 667 2534 posuit,
684 2471 748 2513 non
766 2446 817 2510 his
828 2469 905 2525 sese,
927 2452 983 2511 sed
995 2449 1173 2512 Tarentinis
1190 2467 1223 2514 ot
1243 2451 1366 2528 Siculis,
1384 2450 1489 2514 incon·

392 2550 467 2616 ditis
485 2549 679 2622 hominibus,
702 2549 840 2614 scribere
860 2548 1023 2628 protessus.
1050 2549 1214 2613 Orationes
1240 2549 1352 2614 Rutilii
1372 2552 1488 2633 paucis·

392 2651 478 2714 simae
501 2661 750 2712 memorantur...
781 2641 831 2733 [V.
862 2644 903 2706 11.
926 2665 958 2727 p.
986 2641 1073 2734 132]
1101 2648 1163 2708 Res
1178 2649 1335 2710 Romanas
1356 2645 1489 2711 Rutilius
1620 2653 1621 2716 l

391 2753 514 2828 Graece,
532 2771 618 2814 suam
635 2744 855 2812 vitamLatine
867 2745 966 2810 lertur
982 2744 1153 2829 scripsisse.
1172 2745 1225 2835 [V.
1235 2751 1351 2810 Kratas.
1367 2745 1445 2812 vin.
1457 2763 1489 2812 ct

391 2853 432 2920 tn
455 2855 527 2916 hist.
560 2871 593 2934 p.
613 2852 673 2914 221
697 2847 781 2939 sqq.]
811 2845 1020 2912 Hannibalica
1047 2846 1199 2910 Rutilium
1230 2850 1390 2931 scripsisse
1414 2851 1506 2912 dicit·

365 3027 367 3033 Ι
390 2955 508 3034 Popma
521 2949 658 3032 Appiani
672 2967 743 3010 usus
757 2943 1023 3016 testimonio’liaa.
1041 2965 1067 3007 s.
1083 2943 1212 3027 Hispan.
1232 2965 1262 3007 c.
1283 2948 1335 3023 88,
1352 2945 1490 3028 quamvis

267 3102 271 3109 .
391 3055 474 3135 apud
487 3054 571 3112 hunc
585 3051 708 3113 disertis
722 3046 827 3110 verbis
844 3049 877 3108 id
890 3047 1024 3123 legatur,
1040 3045 1194 3130 Scipionis
1207 3047 1241 3110 in
1252 3050 1423 3110 Numantia
1436 3049 1488 3112 oh·

392 3149 705 3229 sidcndaptaelectum
714 3143 806 3207 luisse
820 3141 982 3208 Rutilium.
999 3144 1143 3226 Ejusdem
1154 3145 1336 3208 memoriam
1351 3167 1420 3211 curn
1429 3147 1487 3211 lsi·

392 3247 486 3309 dorus
499 3245 609 3322 Origg.
635 3244 706 3320 XX,
735 3243 787 3316 11,
814 3242 847 3317 l,
872 3239 997 3316 habeat,
1014 3257 1100 3306 recte
1120 3243 1241 3330 quidem
1262 3245 1438 3309 aFtltricio
1453 3248 1487 3309 in

391 3344 476 3409 Bibl.
488 3333 567 3408 Lat.
584 3347 643 3420 111,
659 3363 692 3427 p.
710 3345 770 3406 375
786 3345 836 3406 ed.
857 3343 934 3404 Em.
954 3341 1110 3420 monetur,
1135 3345 1281 3406 suanm
1293 3366 1353 3428 pro
1365 3347 1485 3423 Statilio,

392 3445 473 3525 quod
483 3443 639 3520 vulgatur,
656 3442 833 3525 legendum,
850 3441 1013 3502 sedvitam
1028 3443 1195 3519 Scipionis,
1211 3457 1247 3506 ut
1255 3441 1337 3506 idem
1350 3447 1489 3510 emenda·

391 3541 450 3620 vit,
467 3539 625 3625 scripsisse
644 3560 794 3620 nusquam
807 3540 975 3622 reperitur.
1000 3535 1109 3626 [Codd.
1127 3541 1248 3622 antiqui
1263 3562 1337 3624 quos
1358 3544 1489 3608 vidimus

390 3644 540 3704 Sabastize
558 3642 655 3721 Rufus
676 3641 714 3700 de
729 3645 797 3700 vita
820 3635 903 3725 sun]
922 3639 1057 3702 Dicendi
1069 3655 1167 3718 genus
1185 3659 1245 3722 quo
1260 3662 1332 3706 usus
1346 3657 1403 3720 est,
1417 3663 1487 3707 cum

392 3742 501 3802 melius
513 3752 623 3802 notare
634 3757 698 3799 non
712 3734 872 3818 possimus,
889 3755 981 3816 quam
992 3735 1104 3798 Cicero
1118 3735 1192 3799 feeit
1208 3739 1297 3800 Brut.
1319 3759 1349 3802 c.
1363 3740 1415 3815 29,
1433 3737 1482 3814 30,

391 3843 456 3902 haec
470 3835 642 3900 transcribi
656 3833 767 3920 inutile
788 3837 878 3898 duco.

435 3935 516 4000 Huic
535 3937 632 4000 lerme
645 3937 777 4018 aequales
802 3946 884 4009 sunt,
910 3953 986 4016 quos
999 3933 1109 3998 Cicero
1129 3937 1226 3997 Bruto
1251 3953 1341 4018 capp.
1371 3937 1423 4009 33,
1445 3935 1485 3998 34

393 4033 576 4119 composuit,
598 4037 634 4098 C.
648 4035 749 4098 Galba
760 4035 828 4096 Ser.
845 4037 887 4094 F.
906 4031 954 4121 [in
967 4034 1009 4096 11.
1026 4054 1058 4116 p.
1077 4032 1168 4122 tttj,
1180 4034 1221 4098 P.
1232 4035 1382 4114 SciploP.
1395 4035 1486 4096 Sera·
1613 4059 1615 4068 ·

390 4139 561 4219 pionisF.,
576 4138 614 4198 1..
634 4139 812 4216 Calpurnius
827 4138 943 4209 Bestia,
962 4135 997 4196 C.
1011 4136 1134 4197 Flavns
1159 4136 1318 4207 Fimbria,
1328 4138 1398 4200 Cos.
1415 4157 1484 4199 cum

393 4241 430 4304 C.
443 4233 543 4298 Mario
555 4255 584 4297 a.
599 4237 659 4300 sto
677 4230 799 4322 libini,
816 4247 847 4295 et
862 4231 927 4296 alii.
947 4231 1065 4296 Horum
1079 4253 1170 4298 nemo
1183 4253 1295 4298 nomen
1307 4255 1394 4298 suum
1415 4233 1484 4298 illu·
