3218 5320
387 581 390 590 ·
412 568 515 613 meatus
528 565 577 611 est.
587 587 620 600 -
630 559 718 610 Causa
735 555 907 613 celeberrima
920 559 970 610 Cn.
990 555 1106 614 Pisonis,
1124 553 1252 606 adversus
1267 570 1344 624 quem
1358 552 1442 607 multa

410 641 561 713 eloquentia
571 639 673 692 dixerat
686 641 716 692 P.
737 639 875 702 Vitellius,
891 651 948 692 acte
962 651 1004 691 eet
1016 657 1087 690 anuo
1097 640 1129 690 U.
1148 638 1210 699 tt‘t,
1224 655 1307 708 enque
1320 649 1444 690 narratur

408 730 515 803 copiose
528 727 557 779 in
569 725 655 780 Taciti
665 727 738 778 Anu.
753 726 803 789 ltt,
817 729 849 779 10
858 740 917 796 sqq.
927 712 972 778 'tbi
980 725 1052 778 enim
1064 724 1135 804 inter
1146 735 1234 776 cetera
1245 723 1359 796 legimus
1374 727 1444 797 (cap.

412 815 479 880 tat:
495 815 563 867 Post
584 811 733 865 Fulcinium
752 811 872 866 Servaeus
887 819 915 864 et
933 811 1062 866 Veranius
1076 817 1104 862 et
1118 807 1243 864 Vitellius
1254 809 1380 864 consimili
1387 820 1446 864 stu·

409 900 464 961 dio,
481 901 529 954 sed
541 901 625 952 multo
641 898 791 969 eloquentia
808 898 933 952 Vitellius
945 899 1063 972 objecere,
1080 895 1138 948 odio
1153 895 1304 949 Germanici
1316 905 1343 950 et
1358 917 1446 951 rerum

409 1003 533 1038 amarum
547 983 635 1037 studio
644 982 765 1036 Pisonem
778 981 874 1055 vulgus
885 981 996 1034 militum
1000 999 1052 1052 per
1063 978 1191 1033 licentram
1200 986 1228 1032 ct
1242 979 1365 1033 sociorum
1375 979 1447 1056 inju-

409 1073 464 1125 rias
476 1091 506 1124 eo
517 1087 599 1140 usque
613 1069 767 1142 corrupisse,
785 1075 816 1121 ut
824 1087 922 1139 parens
933 1067 1061 1142 legr'ortnm
1071 1087 1088 1120 o
1101 1065 1247 1120 deterrimis
1255 1067 1447 1138 appellaretur,

409 1163 501 1210 eontra
516 1158 545 1208 ia
563 1151 686 1226 optimum
706 1164 846 1228 quemque,
859 1151 970 1230 moesiae
985 1153 1012 1206 in
1027 1149 1130 1206 wmites
1150 1158 1178 1204 et
1194 1151 1288 1203 amicos
1303 1151 1453 1205 Gomorra

412 1242 523 1305 secuisse,
533 1249 663 1313 postremo
674 1244 759 1312 ipsum
773 1239 945 1292 deuottombus
956 1246 983 1292 et
999 1257 1093 1292 ueneno
1102 1237 1256 1306 peremisse,
1268 1257 1343 1290 sacra
1351 1237 1408 1290 isa
1417 1245 1449 1292 et

412 1329 595 1382 immolationes
606 1327 733 1396 aesarrdas
746 1327 830 1398 ipsias
844 1340 924 1398 atquc
940 1324 1087 1391 Plancina,
1096 1323 1210 1394 petitam
1217 1323 1296 1376 umis
1302 1321 1449 1392 rempubli-

413 1435 479 1480 cam,
492 1421 575 1487 utque
593 1433 655 1469 reses
670 1410 823 1486 egiposset,
839 1414 894 1464 acie
913 1411 1017 1464 uectum.
1039 1442 1070 1452 -
1090 1413 1122 1464 P.
1135 1410 1265 1462 Vitellius
1277 1422 1390 1480 patruus
1409 1421 1451 1460 est

417 1503 481 1556 ‚tuti
493 1501 597 1555 Vitellii
606 1501 772 1574 imperatoris
782 1503 813 1554 L.
828 1499 857 1552 F.

628 1715 793 1788 xCVltt.
817 1717 864 1787 L.
892 1713 1038 1788 Cestius
1063 1717 1176 1788 Pius.¹

363 1981 367 1988 ·
392 1961 513 2026 Seneca
532 1960 833 2044 Excerp'.‘Controv.
849 1958 905 2020 lib.
924 1961 972 2021 til
988 1955 1073 2041 praei.
1092 1979 1124 2042 p.
1145 1957 1230 2020 428:
1247 1957 1318 2021 Scio
1340 1954 1454 2020 Pollio·

343 2085 421 2127 uem
444 2063 586 2126 Asinium
610 2075 643 2124 et
662 2063 824 2124 Messalam
840 2059 1010 2123 Corvinum
1025 2072 1058 2123 et
1078 2061 1271 2136 Passienum,
1291 2061 1346 2140 qni
1372 2079 1455 2121 nunc

348 2163 451 2247 primo
477 2165 548 2228 loco
569 2176 643 2237 stat,
667 2162 771 2224 minus
790 2161 872 2224 bene
892 2161 994 2224 videri
1017 2179 1108 2241 qnam
1130 2160 1267 2220 Cestium
1282 2173 1336 2222 aut
1349 2161 1455 2222 Latro·

349 2281 436 2324 nem.
451 2261 566 2322 Utrum
582 2279 659 2339 ergo
677 2271 767 2340 putas
780 2259 840 2319 hoc
862 2255 1033 2320 dicentium
1047 2259 1158 2320 vitium
1173 2277 1252 2332 esse,
1276 2278 1317 2319 an
1332 2257 1457 2319 audien·

352 2355 457 2420 tium?
479 2375 543 2416 non
557 2355 605 2418 illi
619 2353 708 2436 pejus
729 2351 850 2427 dicunt,
875 2356 929 2416 sed
945 2354 979 2417 hi
996 2359 1175 2437 cormptius
1191 2355 1346 2438 judicant.
1363 2355 1459 2417 Pueri

353 2454 420 2518 tere
434 2466 488 2514 aut
498 2452 628 2532 juvenes
643 2451 765 2514 scholam
784 2449 995 2531 frequentant.
1019 2454 1060 2514 Hi
1075 2453 1139 2514 non
1154 2463 1277 2515 tantum
1292 2449 1457 2514 diserussi·

257 2555 330 2628 234
355 2551 414 2612 mis
427 2545 517 2622 viris,
540 2567 617 2628 qnos
642 2549 733 2629 paulo
747 2561 820 2610 ante
839 2547 945 2623 retuli,
972 2551 1135 2612 sedetiam
1156 2547 1302 2612 Ciceroni
1322 2550 1459 2614 Cestium

353 2671 441 2716 snum
454 2648 652 2733 preferrent,
676 2646 870 2732 nisilepides
888 2636 1047 2714 iimercnt.
1075 2652 1146 2734 Quo
1161 2664 1268 2713 tamen
1289 2655 1351 2714 dno
1369 2653 1458 2714 modo

352 2755 493 2832 possum,
516 2747 697 2829 praeierunt.
724 2736 823 2829 Hujus
843 2748 928 2810 enin
942 2745 1186 2811 declamationes
1202 2745 1358 2816 ediscunt.
1376 2749 1460 2810 lilius

353 2849 512 2920 cranones
526 2865 590 2908 non
603 2845 724 2926 legunt,
737 2841 798 2906 nisi
813 2845 992 2929 esuqatbas
1009 2845 1132 2908 Cestius
1147 2851 1316 2924 rescripsit.
1333 2844 1461 2909 Memini

351 2965 405 3008 nse
426 2945 548 3006 intrare
567 2943 700 3016 emtus,
716 2960 792 3004 cum
803 2942 993 3006 recitaturus
1013 2957 1093 3006 esset
1112 2943 1148 3008 in
1167 2945 1315 3006 Milonem
1330 2945 1458 3021 Cestius,

355 3065 394 3106 ex
408 3041 632 3106 consuetudine
653 3059 708 3102 sua
732 3041 864 3102 miratus
885 3041 1034 3104 dicebat:
1059 3043 1085 3104 si
1103 3045 1208 3108 Thrax
1228 3063 1340 3119 emens,
1356 3045 1461 3108 Fusius

352 3139 727 3222 assmpsipantomimus
736 3161 847 3218 essem
859 3143 1018 3224 Bathyllus
1027 3163 1142 3218 esecm;
1155 3145 1181 3206 si
1193 3165 1302 3226 equus,
1315 3144 1458 3208 Melissio.

358 3247 428 3307 Non
454 3235 597 3304 conmuni
618 3239 724 3316 bilem,
748 3243 946 3304 exclamarit
976 3242 1021 3305 Es
1033 3247 1062 3304 si
1075 3245 1181 3305 cloaca
1199 3265 1296 3320 esses,
1314 3247 1460 3306 Maxima

358 3341 466 3406 esses!
479 3342 571 3404 Risus
585 3337 723 3404 omnium
734 3344 860 3423 ingens:
874 3343 1182 3412 scholastici-intueri
1195 3365 1255 3424 me,
1272 3348 1458 3432 quis'essem,

360 3438 414 3524 qui
425 3455 488 3504 mm
504 3458 623 3502 cremas
632 3440 771 3502 cervices
784 3440 943 3502 haberem.
959 3441 1079 3504 Cestius
1087 3441 1234 3507 Ciceroni
1248 3464 1458 3528 responsurus,

361 3538 438 3604 mihi
453 3535 526 3620 quid
537 3537 751 3620 responderet,
764 3557 828 3600 non
838 3539 972 3613 invenit,
984 3542 1038 3602 sed
1051 3539 1179 3620 negarit
1191 3563 1225 3605 se
1234 3557 1458 3617 exsecuturum,

361 3638 425 3702 nisi
436 3639 555 3700 exirem
564 3638 711 3699 dedomo.
728 3637 794 3715 Ego
806 3638 918 3716 negavi
927 3659 978 3701 me
989 3640 1028 3701 de
1038 3639 1153 3704 balneo
1164 3643 1289 3726 publico
1297 3637 1460 3716 citimum,

362 3732 425 3796 nisi
440 3734 520 3796 lotus
534 3753 641 3795 essem.

406 3832 540 3916 Quintil.
558 3831 599 3905 X,
617 3837 648 3906 5,
664 3833 704 3896 20
718 3853 726 3892 s
738 3835 815 3897 Tum
832 3855 943 3898 causas
956 3837 1006 3900 rel
1018 3839 1154 3912 easdem,
1170 3843 1309 3922 quasagi
1321 3839 1462 3912 audierit,

365 3927 438 3994 stilo
453 3929 562 4012 etipse
583 3944 751 4013 componat
774 3933 824 4004 rel
844 3933 938 3996 etiam
960 3935 1037 3998 elias
1050 3955 1142 3998 veras
1157 3940 1247 4002 modu
1269 3953 1302 4002 et
1323 3936 1465 4020 utrinque

365 4041 482 4094 tractet
495 4041 539 4102 et,
554 4026 680 4110 quadiu
693 4027 917 4108 gladiatoribus
929 4031 999 4096 ficri
1019 4033 1173 4111 videmus,
1182 4033 1368 4100 decretoriis
1381 4056 1464 4099 exer·

365 4141 536 4202 aestumat
547 4129 655 4192 tecuae
664 4130 793 4192 Brutum
807 4131 940 4194 distitutis
952 4150 1012 4214 pro
1026 4135 1153 4198 Milone.
1171 4137 1281 4200 Melius
1290 4140 1360 4211 hoc,
1378 4157 1464 4220 quam

367 4229 540 4292 rescribere
554 4231 705 4290 summias
720 4233 926 4308 orationibus,
947 4245 981 4295 ut
994 4234 1069 4298 iecit
1083 4235 1202 4300 Cestius
1218 4251 1328 4303 contra
1341 4237 1461 4304 Cicero·
