3288 5344
896 423 1023 510 70,

366 564 452 626 tandi
460 561 533 626 huic
543 559 678 642 assignat
686 561 895 644 provinciam
906 575 1069 642 utrumque
1078 561 1162 623 enim
1174 579 1237 622 non
1247 557 1315 623 siae
1325 561 1466 642 quadam

366 658 586 744 probabilitate
595 659 698 720 lacere
710 658 820 742 potuit.

412 759 464 824 bl.
485 754 631 838 Sequitur
642 755 676 816 C.
691 757 867 818 Scribonius
878 756 916 818 C.
934 756 974 814 F.
991 757 1093 820 (turio.
1114 754 1210 838 Hujus
1225 775 1301 836 gens
1312 757 1366 818 diu
1377 754 1466 818 iutra·

367 869 532 937 praeturam
546 852 649 927 stetit,
666 865 701 922 ut
715 865 846 916 summos
859 855 992 916 honores
1006 854 1125 935 primus
1138 849 1280 914 intulerit
1295 849 1335 925 is,
1350 854 1388 915 de
1402 873 1461 932 quo

257 978 258 981 ¹
368 956 508 1018 dicimus.
534 958 688 1020 Recenset
709 952 744 1016 in
765 973 845 1015 rarae
864 950 1026 1016 felicitatis
1047 951 1196 1036 exemplis
1218 950 1339 1016 Plinius
1356 955 1397 1014 ll.
1420 956 1460 1014 N..

368 1055 498 1131 vt1,12,
507 1058 587 1136 quod
595 1067 661 1116 tres
671 1051 818 1118 continua
826 1053 907 1114 serie
915 1053 1463 1125 exstiterinteScriboniisoratnres3

368 1172 443 1214 avus
452 1150 627 1235 praetorius,
641 1150 727 1232 cujus
737 1149 846 1213 Oratio
855 1167 913 1231 pro
923 1151 992 1213 Ser.
1007 1149 1115 1212 Fulvio
1130 1151 1168 1212 de
1184 1147 1305 1212 incestu
1316 1146 1378 1210 illis
1388 1161 1469 1210 tem·⁴

367 1252 495 1336 poribus
507 1253 645 1336 perlecta
658 1250 726 1315 risa
739 1264 786 1314 est
805 1246 857 1339 [V.
869 1250 909 1322 fr.
926 1272 958 1334 p.
974 1251 1032 1314 133
1047 1248 1126 1339 sq.];
1149 1251 1240 1324 alter,
1257 1252 1295 1312 de
1307 1271 1367 1332 quo
1380 1270 1465 1312 nunc

368 1353 509 1427 dicimus,
532 1347 702 1414 consularis
715 1361 747 1411 et
761 1349 965 1431 triumphalia
983 1350 1106 1422 tertius,
1118 1347 1250 1428 ,ingenio
1265 1368 1394 1424 summo,
1409 1369 1464 1410 vo-

368 1449 487 1510 luntate
501 1447 649 1530 pessima,
672 1447 723 1510 lex
737 1446 812 1510 belli
825 1442 927 1508 civilis
936 1447 1055 1510 Velleio
1069 1444 1187 1524 dictus,
1207 1448 1254 1522 ll,
1275 1445 1328 1510 48.
1354 1448 1465 1508 Noster

371 1550 408 1610 C.
420 1547 532 1622 Curio,
555 1570 644 1630 quem
663 1562 785 1633 patrem
809 1546 945 1610 dicamus
966 1547 1058 1621 licet,
1078 1560 1172 1641 natus
1194 1545 1323 1611 circiter
1344 1569 1373 1610 a.
1391 1549 1463 1620 630,

371 1647 505 1709 maxima
517 1645 716 1709 similitudino
730 1645 874 1726 ignobilis
885 1643 1046 1725 cujusdam
1055 1636 1219 1707 histrionis
1229 1644 1386 1708 Burbuleii
1397 1665 1466 1708 oon·

370 1755 510 1806 traxerat
531 1765 696 1824 agnomen,
719 1742 766 1807 sic
787 1744 910 1825 publice
931 1744 1025 1806 etiam
1046 1745 1079 1805 in
1102 1743 1253 1806 concione
1266 1756 1395 1808 vocatus
1414 1765 1463 1827 ap.

370 1842 494 1904 Sallust.
516 1842 596 1904 Hist.
614 1844 654 1916 ΙΙ,
672 1839 723 1923 ep.
741 1841 955 1916 Priscian.Vl,
971 1841 1021 1915 ll,
1040 1860 1072 1923 p.
1094 1843 1154 1906 256
1174 1844 1222 1904 ed·
1238 1843 1367 1916 Krehl.,
1387 1845 1466 1903 unde

371 1943 522 2005 nonsatis
536 1943 684 2005 consultis
702 1942 815 2004 ceteris
830 1938 1009 2003 auctoribus
1025 1942 1208 2002 Burbuleius
1225 1940 1259 2002 in
1272 1943 1372 2021 lragg.
1387 1942 1463 2005 Sall.

370 2037 503 2098 illatum.
519 2038 600 2101 Sunt
611 2038 825 2100 autemValer.
837 2039 921 2098 Max.
934 2039 991 2108 lX,
1002 2036 1053 2111 14,
1063 2039 1093 2111 5,
1104 2037 1223 2098 Plinius
1232 2040 1272 2098 ll.
1285 2039 1463 2117 N.vlt‚-12‚

372 2151 404 2200 et
417 2160 456 2201 ex
469 2160 506 2201 eo
519 2138 641 2202 Solinus
654 2141 685 2212 1,
702 2140 737 2211 63
763 2138 845 2199 conl.
866 2139 991 2200 Ruhnh.
1014 2139 1053 2199 ad
1068 2139 1178 2201 Vellei.
1200 2141 1248 2211 ll,
1271 2159 1303 2220 p.
1328 2139 1401 2201 386.
1427 2139 1467 2198 lli

371 2237 462 2318 plura
476 2238 583 2298 eodem
600 2234 669 2296 loco
688 2233 796 2295 talium
808 2235 1007 2313 agnominum
1025 2257 1064 2297 ex
1081 2236 1282 2298 similitudine
1297 2236 1468 2298 inditorum
1491 2287 1496 2290 .

373 2334 513 2416 exempla
527 2332 698 2414 proferunt,
716 2351 844 2412 quorum
859 2331 1048 2393 notissimum
1063 2345 1110 2394 est
1128 2336 1164 2395 Ρ.
1182 2333 1337 2417 Scipionis
1353 2334 1469 2395 Nasium

374 2431 561 2512 Serapionis.
588 2430 755 2493 Curionem
779 2449 855 2492 vero
883 2430 980 2508 magis
1005 2449 1024 2492 a
1046 2431 1246 2494 similitudine
1273 2444 1411 2494 motuum
1438 2445 1469 2493 et

374 2541 492 2607 gastim,
508 2549 582 2591 sane
599 2529 774 2602 ridiculosi,
795 2548 886 2608 quam
902 2529 1023 2604 vultus,
1043 2526 1208 2609 agnomine
1227 2542 1351 2591 auctum
1370 2531 1466 2590 aiunt.

375 2627 414 2687 ln
428 2647 464 2689 re
478 2639 541 2688 tam
556 2627 641 2690 clara
655 2639 687 2690 et
699 2625 801 2688 multis
814 2638 927 2689 testata
941 2627 1050 2689 mirari
1064 2627 1162 2704 subit,
1182 2630 1264 2708 quod
1276 2628 1423 2690 Krehlius
1436 2625 1469 2687 in

373 2723 428 2786 illo
449 2725 515 2807 ipso
526 2725 699 2805 fragmento
713 2722 910 2799 Sallustiana,
928 2723 1052 2788 codices
1068 2746 1210 2808 sequens,
1228 2739 1402 2788 monstmm
1419 2746 1471 2787 no·

374 2822 478 2898 minis,
495 2823 725 2903 Burbulegium,
740 2811 908 2886 invexerit.
931 2823 1079 2886 Codicum
1091 2843 1231 2886 errorem
1247 2824 1314 2905 jam
1330 2823 1472 2885 inaudita

375 2917 510 2984 nominis
524 2921 702 2986 terminatio
722 2940 853 3002 arguere
874 2933 1033 3003 potuerat,
1054 2919 1227 3004 presertim
1247 2941 1318 2983 cum
1336 2908 1471 2984 editores

375 3023 506 3085 subinde
520 3024 566 3086 sic
581 3043 685 3088 avero
699 3024 843 3086 aberrari
855 3025 1046 3098 adnotarint,
1056 3037 1091 3085 ut
1099 3022 1337 3087 Drakenborch.
1351 3024 1390 3084 ad
1400 3019 1468 3084 Liv.

257 3165 261 3171 -
377 3123 435 3194 lv,
454 3120 507 3191 44,
521 3123 552 3192 6,
574 3131 607 3182 et
622 3121 663 3192 X,
677 3121 753 3193 6,1,
772 3120 807 3180 in
817 3117 965 3196 Appuleia·
983 3131 1015 3180 et
1035 3121 1174 3181 Canuleit'
1193 3117 1369 3184 nominibus
1384 3115 1469 3180 lecit.

377 3217 519 3296 Quaestor
534 3214 631 3277 Curio
645 3213 737 3277 luisse
752 3211 877 3278 videtur
893 3235 923 3277 a.
937 3213 1011 3293 668,
1029 3237 1098 3281 cum
1111 3220 1218 3282 eodem
1233 3237 1316 3280 anno
1330 3213 1472 3278 tribunus

377 3311 483 3386 fuerit,
500 3330 560 3392 quo
570 3309 663 3376 Cotta
675 3311 796 3374 futurus
809 3315 844 3374 in
856 3312 916 3376 hoo
930 3317 1113 3394 magistratu
1128 3329 1207 3390 erat,
1225 3312 1286 3377 nisi
1299 3315 1368 3395 lege
1377 3314 1471 3378 Varia

378 3412 547 3494 postulatus
561 3427 593 3474 et
607 3410 641 3475 in
659 3410 799 3476 exsilium
817 3415 920 3496 pulsus
931 3428 1009 3480 esset
1028 3423 1074 3495 (a.
1095 3417 1186 3494 663).
1211 3418 1358 3480 Eamdem
1380 3411 1472 3476 etiam

379 3509 474 3573 Curio
487 3509 623 3574 timuisse
638 3510 751 3573 dicitur
764 3509 902 3576 Asconio
916 3515 955 3575 ad
969 3511 1190 3576 Cornelianum
1202 3532 1233 3595 p.
1245 3514 1284 3575 73
1296 3515 1346 3575 ed.
1360 3509 1470 3587 Orell.;

379 3613 560 3692 quare'cum
573 3609 657 3673 Sulla
671 3611 790 3691 legatus
804 3610 862 3673 fuit
874 3609 956 3675 bello
971 3609 1193 3686 Mithridatico,
1217 3623 1250 3673 et
1267 3611 1469 3678 Athenarum,

379 3706 546 3770 Aristionis
565 3707 736 3770 rebellione
756 3721 932 3790 captarum,
946 3728 1051 3772 arcem
1062 3709 1181 3771 obsedit
1200 3708 1375 3793 (Plutarch.
1394 3705 1469 3768 Sull.

380 3822 409 3864 o.
426 3803 490 3888 14),
506 3817 538 3866 et
551 3817 629 3866 teste
640 3802 784 3888 Appiano
795 3808 832 3868 Β.
845 3803 985 3869 Mithrid.
999 3825 1029 3868 o.
1042 3805 1093 3884 60,
1114 3805 1204 3869 Sullae
1221 3806 1366 3868 mandato
1384 3799 1471 3865 Nico·

380 3904 500 3967 medem
513 3916 546 3966 et
557 3905 800 3970 hmobarzanem
813 3926 901 3986 reges
916 3907 949 3969 in
961 3907 1186 3990 Cappadociam
1196 3907 1335 3972 deduxit.
1356 3904 1473 3967 Ahusse

382 4025 463 4080 eum,
479 4003 572 4068 etiam
584 4008 694 4071 Cicero
707 4011 793 4070 Brut.
807 4028 836 4069 c.
850 4009 890 4070 63
905 4021 937 4071 et
952 4009 1003 4086 90,
1016 4006 1103 4070 dicit.
1120 4009 1182 4073 Sed
1197 4009 1389 4071 tribunatum
1401 4003 1474 4067 satis

382 4105 511 4168 tacitum
525 4123 675 4186 gesserat,
693 4123 853 4194 postquam
866 4111 961 4172 semel
981 4131 999 4172 a
1019 4123 1084 4173 tota
1098 4125 1167 4174 erat
1181 4107 1332 4175 concione
1346 4104 1476 4171 relictus

385 4201 461 4285 (Cic.
474 4206 561 4268 Brm.
575 4229 593 4269 c
618 4208 682 4294 89).
700 4209 851 4286 Reuersus
864 4209 897 4270 in
910 4206 1068 4272 civitatem
1083 4229 1152 4272 cum
1162 4207 1280 4274 victore
1293 4207 1388 4281 Sulla,
1404 4202 1474 4266 edi
