3218 5320
888 493 957 567 298

443 647 500 682 esse
513 631 675 684 correctione
687 634 808 688 videtur:
823 619 914 705 pdtuit
927 647 1049 684 accusare
1062 633 1151 685 Caesar
1165 631 1315 684 Memmium
1325 648 1374 701 pro
1382 629 1472 700 Bithy-

442 712 498 774 nis,
515 725 626 783 praetore
641 715 683 768 vel
696 717 851 786 questionis
865 713 992 786 proesirle,
1007 713 1049 766 vel
1066 727 1245 767 contramuto
1261 726 1374 785 petrono
1387 711 1473 782 aliquo

443 795 556 848 Vinicio.
566 798 679 869 Egger.]
693 800 822 852 Caesarem
836 810 923 851 autem
936 809 964 850 et
973 798 1125 850 Memmium
1135 797 1234 850 multas
1244 796 1395 849 simultates
1406 797 1472 854 inter

441 899 469 932 sc
483 882 643 947 exercuisse,
658 903 739 956 supra
751 885 866 937 vidimus
879 883 907 935 in
921 883 954 936 C.
965 883 1088 936 Memmio
1103 893 1214 936 oratore.
1229 885 1373 934 Praeturam
1385 881 1470 950 Bithy·

444 961 515 1014 niam
528 974 554 1014 et
567 965 682 1018 Pontum
694 965 805 1020 sortitus
818 977 875 1018 erat
885 964 917 1018 C.
929 963 1071 1017 Memmius
1081 967 1113 1018 L.
1125 967 1157 1019 F.
1168 984 1192 1018 s.
1204 966 1237 1018 ll.
1249 965 1312 1017 695.
1324 963 1420 1030 [Codd.
1430 963 1471 1014 hic

438 1047 562 1112 turbant;
574 1047 676 1121 Regius
687 1052 814 1122 antiquus
823 1049 866 1102 M.
877 1047 957 1104 Vince
964 1071 973 1110 ,¹
983 1049 1029 1102 alii
1035 1051 1078 1102 M.
1087 1049 1174 1110 Unite,
1183 1051 1225 1102 Μ.
1233 1047 1356 1108 Vincam
1368 1047 1411 1101 ed.
1421 1061 1470 1100 ret.

441 1129 530 1181 olunt
535 1133 563 1184 V
560 1129 630 1184 citici.
643 1131 728 1186 Gellii
739 1135 897 1205 interpretes
908 1131 963 1184 fere
974 1133 1003 1185 in
1013 1133 1054 1185 M.
1066 1131 1354 1198 mantuanensium]

402 1237 480 1290 elman
494 1256 511 1290 a
519 1238 705 1311 proquinqut's]
718 1240 794 1294 locus
810 1251 961 1312 corruptus,
975 1252 1007 1293 ut
1023 1253 1164 1294 contextus
1176 1241 1262 1294 docet.
1281 1239 1391 1292 Gellius
1403 1240 1470 1290 enim

437 1321 560 1374 hocloco
574 1321 684 1376 Caesaris
701 1325 813 1396 probare
832 1323 938 1387 studet,
959 1341 974 1374 e
992 1321 1136 1396 majoribus
1153 1323 1225 1396 apud
1241 1323 1376 1376 Romanos
1392 1321 1473 1374 luisse

436 1407 601 1472 institutum,
612 1409 731 1480 primurn
743 1409 846 1472 clienti,
856 1421 914 1462 tum
927 1421 1040 1481 cognato
1052 1429 1127 1482 opem
1140 1409 1275 1462 ferendam
1286 1427 1354 1462 esse.
1368 1409 1471 1460 Grono-

436 1493 496 1545 vius
506 1493 627 1547 emendat
634 1496 727 1565 quihus
735 1495 962 1567 anteprcptirquos
971 1502 1070 1548 nostros
1079 1496 1152 1567 σῃ.
1160 1495 1237 1556 inste
1246 1515 1294 1568 ego
1302 1493 1373 1556 melo
1381 1494 1470 1564 qualus

436 1580 514 1632 etnam
521 1597 580 1650 pra
585 1581 742 1652 propinquis
754 1583 860 1636 nostris.
873 1581 1004 1656 [Optime;
1015 1593 1043 1634 et
1050 1581 1101 1634 hoc
1109 1583 1272 1654 posuimus]

408 1701 567 1765 Rufinian.
580 1723 611 1785 p.
626 1703 683 1765 201
695 1705 743 1766 ed.
759 1705 883 1767 Ruhnk.
895 1726 903 1765 ε
917 1704 1021 1767 Caesar
1032 1723 1089 1786 pro
1101 1703 1246 1788 bithynie
1256 1724 1265 1764 t
1277 1703 1362 1786 Quid
1370 1701 1471 1784 ergo?

366 1795 563 1879 Syagropdce
577 1821 638 1860 non
653 1815 731 1874 sunt,
746 1803 800 1860 sed
812 1801 978 1860 resultem
990 1815 1048 1862 est.

407 1897 572 1961 Suetonius
586 1918 705 1981 quoque
718 1899 796 1962 Ces.
814 1919 843 1961 c.
862 1898 1103 1962 remeationem
1116 1899 1306 1961 lacitcaesoe
1316 1897 1468 1970 Caesaris,

366 1995 400 2059 in
416 2019 475 2080 qua
490 2003 606 2083 Nysam
621 2001 671 2061 vel
687 2001 819 2072 Musam,
832 1998 927 2060 liliam
945 1999 1132 2074 Nicomedis,
1148 2000 1183 2061 in
1197 2012 1306 2062 senatu
1321 1999 1467 2074 defendit,

365 2119 423 2161 nee
442 2121 459 2161 a
477 2101 745 2164 verisimilitudine
763 2119 891 2184 prorsus
911 2099 1078 2175 abhorret,
1097 2103 1178 2182 apud
1190 2093 1329 2166 Gellium
1344 2111 1378 2161 et
1392 2101 1466 2162 Sue-

364 2197 482 2258 tonium
504 2201 643 2260 eamdem
663 2196 836 2276 significari
857 2209 993 2262 causam.
1016 2201 1125 2273 Nono,
1147 2193 1309 2280 postquami
1328 2199 1395 2280 jam
1417 2199 1468 2260 diu

364 2293 423 2354 hoc
433 2294 641 2375 scripsissem,
655 2294 1020 2374 naumann-coustant
1035 2293 1068 2357 in
1082 2297 1190 2360 eadem
1210 2296 1367 2360 sententie
1386 2307 1469 2356 stare

364 2394 466 2458 video.

635 2587 671 2646 6.
695 2603 803 2648 concio
819 2603 875 2647 rno
889 2604 1057 2648 nooirions
1072 2603 1191 2650 raonis.

406 2797 491 2860 suet.
510 2793 586 2857 caes.
605 2813 634 2854 c.
652 2795 690 2856 5-:
708 2795 745 2853 L.
758 2790 875 2868 Ginnae,
893 2795 999 2856 uxoris
1012 2793 1114 2865 fratri,
1132 2805 1164 2856 et
1177 2793 1231 2874 qui
1245 2809 1368 2854 cum-eo
1381 2787 1466 2853 civili

364 2897 517 2958 discordia
526 2895 675 2976 Lepidum
685 2897 796 2970 secuti,
807 2909 877 2977 post
888 2915 996 2956 necem
1009 2895 1143 2958 consulis
1158 2897 1197 2956 ad
1207 2891 1383 2958 Sertorium
1392 2911 1465 2954 eon·

362 2993 516 3072 fugerant,
530 2993 664 3054 reditum
678 2992 711 3052 in
726 2991 884 3053 civitatem
898 2992 1060 3070 rogatione
1073 2988 1172 3054 Plotia
1187 2985 1335 3064 coniecit,
1345 2988 1465 3051 habuit-

363 3113 422 3172 que
433 3105 465 3152 et
476 3089 542 3172 ipse
552 3111 645 3172 super
656 3109 692 3151 ea
704 3109 740 3150 re
753 3089 945 3151 concionem.

397 3225 528 3296 rogatione
535 3225 636 3290 Plotae]
646 3225 941 3295 Baumgartenssrusius
951 3225 1100 3288 adnotavit:
1112 3223 1178 3296 Egit
1187 3223 1316 3277 Plautius
1328 3243 1351 3276 s.
1359 3224 1464 3276 Porus

438 3319 473 3364 tr.
484 3311 527 3382 pl.
543 3309 591 3362 ltac
607 3311 737 3380 rogaltone
753 3309 785 3360 dc
801 3310 943 3362 reducendo
961 3313 992 3362 L.
1011 3311 1094 3364 Cinna
1111 3312 1204 3375 exule,
1222 3330 1267 3364 nec
1283 3311 1464 3378 confundendae

433 3398 546 3471 ejusdem
560 3398 628 3468 leges
640 3397 672 3448 de
683 3395 748 3446 υἱεῖ
755 3394 909 3468 judiciaria.
925 3399 1007 3450 Recte
1020 3397 1088 3448 hanc
1099 3398 1262 3470 rogationem
1270 3397 1305 3450 ab
1316 3395 1378 3448 aliis
1386 3396 1464 3449 Plotii

429 3484 536 3554 ¹tribuni
547 3483 587 3555 pl.
598 3479 727 3552 distingui
736 3478 823 3550 jubet,
831 3500 880 3534 nec
895 3483 922 3533 in
934 3482 1027 3534 eodem
1039 3483 1177 3536 tribunatu
1191 3483 1235 3536 lex
1247 3483 1280 3535 de
1290 3482 1380 3535 Cinna
1392 3485 1465 3534 resti·

433 3568 532 3622 tuendo
550 3580 577 3620 et
594 3577 686 3618 cetere
699 3563 778 3616 Plotii
791 3565 862 3636 leges
876 3565 936 3618 latoe
949 3585 1007 3618 esse
1020 3579 1146 3636 possunt.
1168 3569 1235 3620 Nam
1251 3585 1283 3618 eo
1297 3585 1386 3632 anno,
1404 3585 1463 3618 cum

432 3655 535 3707 Plotius
555 3653 679 3705 tribunus
696 3650 735 3722 pl.
752 3661 823 3713 erat,
837 3647 912 3702 'anno
930 3651 1009 3725 Urbis
1027 3652 1089 3714 664,
1109 3653 1198 3704 caesar
1216 3671 1271 3704 non
1289 3651 1353 3722 plus
1373 3651 1462 3706 decem

397 3797 402 3809 .
434 3759 517 3795 annos
529 3739 638 3791 habuit:
648 3755 681 3788 ex
689 3754 742 3806 quo
752 3735 882 3804 sequitur,
893 3749 948 3788 tum
956 3755 1017 3788 eum
1029 3736 1106 3790 illam
1112 3739 1274 3810 rogationem
1285 3737 1397 3792 suadem
1409 3758 1461 3790 nou

432 3823 559 3894 potuisse.
576 3819 655 3888 Quod
672 3818 782 3870 fortasse
798 3835 876 3869 causa
889 3817 955 3881 fuit,
970 3837 1018 3871 cur
1029 3819 1139 3890 Pighius
1153 3821 1225 3872 Anu.
1239 3818 1356 3884 v01.111‚
1371 3839 1399 3892 p.
1412 3823 1460 3873 298

432 3905 605 3976 fragmentum
614 3897 696 3970 hujus
706 3894 842 3964 orationis,
852 3899 923 3968 quod
932 3901 960 3951 in
968 3900 1058 3952 Gellio
1071 3901 1178 3972 legitur,
1189 3920 1243 3954 non
1254 3903 1286 3954 C.
1296 3901 1313 3950 J
1316 3901 1355 3954 ul.
1367 3903 1462 3955 Caesuri

359 4037 361 4044 ,
436 3991 572 4051 Dictatori,
581 3989 627 4042 sed
635 3988 667 4040 C.
677 3989 692 4036 J
695 3986 734 4037 ul.
742 3986 839 4038 Caesari
848 3986 970 4038 Straboni
979 3989 1012 4058 L.
1021 3989 1051 4038 F.
1062 3987 1187 4040 vindicet.
1199 3987 1278 4040 Alius
1287 3987 1414 4040 tribunus
1423 3989 1458 4061 pl.

432 4073 464 4123 A.
475 4070 578 4122 Plotius
595 4071 718 4122 Silvanus
733 4087 757 4119 a.
767 4069 801 4120 U.
816 4069 863 4118 697
880 4067 907 4120 in
921 4068 1007 4120 Fastis
1020 4083 1188 4123 memoratur.
1212 4072 1266 4124 Res
1277 4090 1340 4144 ergo
1353 4091 1461 4143 prorsus

432 4160 531 4208 incerta
541 4169 590 4208 est.

402 4283 521 4348 Gellius
534 4280 625 4352 Xlll,
642 4281 678 4340 3:
700 4281 736 4339 ln
751 4275 892 4340 oratione
906 4279 943 4340 C.
957 4277 1100 4353 cesaris,
1117 4303 1176 4364 qno
1188 4281 1348 4342 Plautiam
1359 4303 1459 4362 roga·
