3212 5326
855 407 921 478 lid

338 536 405 619 pita
414 537 584 604 terrina...
602 543 750 606 Placuere
763 557 868 606 autem
881 559 914 608 et
927 544 986 608 ieri
999 565 1077 610 tues.
1094 549 1165 608 dam
1180 545 1302 606 Catonis
1314 551 1446 606 censorii

338 646 494 702 orationes
507 663 679 722 apntgnum
692 645 883 724 exprobrant
896 647 1019 707 caldam.

519 837 571 898 36.
596 857 705 901 onorio
720 859 759 901 nn
773 859 908 902 causum
922 859 957 901 ι.
971 859 1072 902 rotun
1086 857 1264 904 coertionis.

382 999 471 1060 Hanc
490 1000 600 1062 habuit
612 1001 691 1064 Cato
711 1003 879 1065 arnobii.
906 1004 1129 1084 Argumentum
1149 1023 1187 1065 ex
1206 1000 1295 1066 Livio
1315 1005 1447 1085 petimus

341 1097 406 1172 XL,
425 1100 461 1160 51
475 1125 484 1158 ε
500 1099 639 1160 Habuere
649 1103 700 1164 M.
711 1100 832 1162 Fuluius
846 1117 876 1162 et
887 1102 937 1162 M.
952 1103 1100 1163 AEmilius
1112 1099 1247 1181 Lepidus
1261 1117 1404 1164 censores
1417 1117 1447 1162 et

339 1207 370 1259 in
387 1203 562 1275 promiscuo
580 1213 736 1278 praterea
754 1203 931 1277 pecuniam.
956 1195 1015 1264 Ex
1035 1221 1073 1260 ea
1093 1206 1294 1261 communiter
1312 1201 1449 1260 locarunt

340 1322 452 1384 aquam
474 1295 682 1359 adducendam
695 1293 898 1387 fornicesque
911 1304 1091 1384 firciendos.
1119 1303 1344 1382 Impedimento
1363 1305 1450 1381 operi

331 1401 403 1479 fuit
422 1400 465 1460 M
467 1435 475 1459 a
489 1399 637 1460 'Licinius
659 1401 803 1475 Crassus,
826 1407 880 1485 qui
898 1403 1106 1484 perfundam
1127 1423 1216 1462 sunm
1237 1403 1307 1462 duci
1325 1423 1385 1462 non
1404 1415 1449 1460 est

339 1521 462 1577 passus.
492 1499 642 1587 Catonem
666 1513 768 1562 antem
790 1498 844 1563 hic
870 1503 908 1564 d'e
931 1503 1110 1583 aqueductu
1134 1499 1266 1577 dixisse,
1293 1503 1379 1564 testis
1404 1509 1450 1562 est

342 1599 460 1659 Festus.
476 1597 579 1677 Supra
588 1596 626 1657 de
636 1597 698 1658 elia
713 1597 856 1660 oratione
865 1595 994 1661 Catonis
1007 1600 1040 1661 in
1050 1601 1094 1660 Μ.
1106 1596 1251 1661 Fulvium
1261 1599 1449 1662 Nobiliorem

333 1685 490 1755 diximus.
1378 1760 1384 1769 ,

387 1791 514 1852 Festus:
534 1815 548 1844 α
566 1789 748 1866 Retricibus,
766 1809 837 1853 cum
852 1792 896 1856 ait
907 1792 985 1856 Cato
999 1790 1033 1856 in
1049 1815 1098 1868 ea,
1115 1813 1208 1876 quam
1222 1794 1364 1876 scripsit,
1381 1815 1450 1853 cum

345 1892 535 1952 edissertavit
546 1891 637 1952 Fului
646 1891 816 1952 Nobilioris
829 1913 1003 1968 censuram,
1026 1891 1187 1978 significat
1208 1915 1320 1976 aquam
1338 1914 1376 1956 eo
1398 1913 1452 1956 no·

345 1987 442 2062 mine,
460 2009 526 2072 quae
540 2003 587 2052 est
601 2009 695 2074 supra
708 1987 792 2052 mam
805 1991 1009 2054 Ardeatinam
1026 1989 1111 2054 inter
1131 1992 1266 2074 lapidem
1287 1993 1452 2054 secundnm

347 2103 377 2150 et
392 2086 538 2166 tertium3
560 2084 613 2170 qui
629 2075 809 2168 inrigantur
827 2088 912 2150 horti
931 2087 1013 2168 infra
1028 2089 1111 2150 viam
1126 2090 1327 2152 Ardeatinam
1341 2101 1373 2150 et
1387 2088 1452 2150 Asi·

347 2187 469 2250 nariam
483 2205 579 2268 usque
594 2185 634 2246 ad
646 2184 800 2246 hunam.
816 2210 831 2241 n
852 2184 1027 2246 Retricibus
1039 2185 1137 2266 igitur
1151 2183 1215 2250 rivi
1228 2205 1315 2267 aqum
1328 2181 1453 2268 proprie

348 2281 522 2362 significari
536 2283 695 2344 videntur.

391 2387 533 2446 Fortasse
547 2404 585 2445 ex
600 2385 709 2445 endem
723 2383 865 2446 oratione
879 2383 1011 2467 petitum
1026 2387 1108 2467 quod
1123 2386 1215 2448 aiiert
1229 2382 1384 2449 Priscian.
1397 2385 1453 2456 Vl,

353 2482 405 2556 14,
420 2503 453 2564 p.
467 2482 549 2544 271:
571 2480 668 2558 Cato:
689 2480 790 2560 Speca
809 2486 921 2560 posita,
945 2503 1004 2566 quo
1023 2505 1103 2566 aqua
1124 2484 1161 2542 de
1183 2487 1235 2542 oia
1255 2481 1364 2542 abiret.
1385 2477 1452 2565 [Ed.

350 2567 461 2670 Krebl.
475 2583 563 2642 deria
575 2628 585 2660 ‚
599 2596 635 2644 ut
644 2584 711 2664 ipse
722 2582 866 2666 Meyerus
878 2581 911 2642 in
922 2583 1064 2660 incertis,
1077 2583 1131 2645 nbi
1142 2579 1339 2668 delevimus]

396 2762 447 2824 37·
472 2779 584 2823 ORATIO
598 2782 628 2823 tn
642 2781 672 2822 1³.
689 2781 805 2824 runtutt
820 2781 934 2822 sutton
949 2780 1007 2822 VEL
1022 2753 1080 2821 PRO
1095 2779 1248 2822 Lusmtus
1267 2777 1414 2820 HISPANIS.

278 2922 326 2996 45
394 2927 467 2988 uae
480 2925 582 2988 orans
596 2923 944 3000 sentententiam,
958 2919 1309 3014 utet-mmmmm,
1324 2901 1455 2982 uinus:

351 3026 511 3104 Hispaniae
535 3028 687 3108 utriusque
706 3024 801 3104 legati
820 3023 935 3107 aliquot
951 3021 1134 3100 popularum
1157 3025 1190 3078 in
1202 3009 1349 3079 ¹senatum
1369 3023 1457 3078 intro-

351 3129 444 3186 ducti.
466 3125 500 3186 Ιί
514 3127 552 3184 de
567 3129 796 3202 magistratuum
808 3124 1014 3182 Romanarum
1029 3126 1161 3182 auaritia
1175 3118 1378 3204 superbiaque
1391 3139 1458 3178 cone

357 3227 471 3309 questi,
497 3227 559 3281 nisi
585 3221 711 3301 genibus
736 3243 756 3279 a
782 3233 887 3280 senatu
912 3225 1082 3299 petierunt,
1107 3241 1147 3279 ne
1170 3239 1205 3280 se
1227 3219 1460 3300 socios'foedius

358 3324 484 3404 spoliari
502 3327 676 3407 vexarique
695 3337 787 3407 quam
806 3321 906 3382 bostes
921 3327 1088 3400 patiantur.
1108 3322 1208 3403 Quum
1223 3336 1252 3380 et
1265 3321 1327 3380 aba
1340 3321 1461 3399 indigna

356 3436 561 3506 quererentur,
578 3415 776 3500 manfiestum
792 3433 894 3478 autem
912 3433 1003 3490 esset,
1016 3423 1165 3498 pecunias
1179 3433 1297 3498 captas,
1312 3419 1352 3478 L.
1369 3418 1462 3477 Cann-

357 3522 418 3580 leio
430 3523 576 3600 pretori,
598 3521 649 3602 qui
663 3517 846 3596 Hispaniam
865 3521 988 3577 sortitus
1008 3529 1085 3589 erat,
1106 3520 1260 3598 negotium
1281 3519 1385 3575 datum
1404 3525 1460 3584 est,

359 3634 390 3678 ut
405 3617 599 3699 inungebas,
615 3637 635 3674 a
652 3614 761 3699 quibus
775 3615 906 3692 Hispani
921 3618 1069 3692 pecunias
1086 3627 1236 3692 peterent,
1254 3618 1362 3698 quinos
1383 3631 1462 3670 recu·

357 3734 518 3798 peratores
536 3739 580 3777 ex
600 3711 882 3798 ordinejfsenatorio
896 3713 994 3783 daret,
1014 3725 1228 3797 patronosque,
1243 3731 1319 3796 quos
1340 3710 1461 3780 uellent,

359 3819 500 3879 sumendi
513 3829 694 3894 potestatem
703 3813 841 3892 faceret.
857 3809 896 3876 V
890 3815 987 3870 acatis
1002 3815 1034 3868 in
1047 3812 1165 3867 curiam
1180 3809 1291 3888 legatis
1305 3811 1462 3866 recitatum

360 3931 407 3976 est
420 3927 539 3974 senatus
553 3915 722 3973 consultum
728 3939 744 3988 ,-
760 3905 900 3994 jussique
918 3912 1078 3968 nominare
1089 3921 1248 3986 patronos,
1268 3916 1397 3990 quatuor
1414 3923 1462 3962 no·

361 4023 559 4091 minaverunt,
574 4015 627 4076 M.
638 4013 787 4073 Porcium
802 4011 961 4081 Catonem,
975 4009 1014 4071 P.
1031 4008 1206 4068 Cornelium
1217 4008 1409 4086 Scipionem,
1424 4003 1462 4064 L.

361 4114 407 4174 AE
410 4115 529 4173 milium
538 4112 683 4182 Paulum,
706 4111 741 4170 Ο.
759 4109 928 4189 Sulpicium
948 4107 1071 4168 Gallum
1076 4147 1140 4167 .....
1163 4107 1219 4164 Ad
1237 4119 1467 4184 recuperatores

357 4213 483 4271 adducti
502 4233 523 4269 a
543 4207 736 4270 citerioribus
753 4208 874 4288 populis
893 4207 929 4270 P.
947 4205 1059 4270 Furius
1076 4203 1193 4280 Philus,
1213 4204 1255 4266 ab
1276 4200 1466 4264 ulterioribus
