3200 5344
768 435 931 513 ·250

347 573 426 636 stili
436 572 598 636 namnum
611 573 801 648 aiaitatmn,
816 595 983 660 quemege
996 573 1072 634 mili
1084 593 1183 658 neque
1195 577 1448 654 anuonmrenpio

345 693 442 760 neque
461 679 618 736 inimicum
637 677 768 753 restittit
773 719 785 748 ,
808 680 841 736 in
860 693 936 736 ottm
950 693 1011 756 ego
1028 693 1089 737 non
1107 673 1285 753 sumptum
1299 674 1444 736 dionunt.

344 774 426 835 Nam
438 793 509 834 eum
522 775 769 853 ma'ffas'ssitnnm
783 773 929 848 arbitror,
938 779 990 835 oui
1002 797 1025 834 a
1038 777 1115 836 viris
1130 773 1217 834 honis
1232 773 1445 854 benedicatur,

343 888 407 932 tum
418 873 613 937 manuum
622 873 764 958 quatem
771 877 830 932 cui¹
837 892 860 932 a
874 872 984 950 protis
992 873 1210 934 maledicatur.
1226 870 1308 932 Nam
1322 874 1351 930 si
1367 875 1400 930 in
1411 890 1447 930 eo

342 987 485 1052 tempore*
496 967 707 1054 lsjusoenwdi
717 971 938 1033 liomunnulurn
955 976 1112 1043 nomines,
1135 975 1243 1056 inquo
1259 975 1371 1050 punire
1389 991 1446 1032 non

339 1077 456 1150 possis,
465 1068 589 1154 majore
599 1069 1009 1158 ionamfauameontunselru
1018 1073 1154 1156 afficias.
1262 1123 1264 1128 .
1395 1059 1398 1068 ’

376 1263 430 1319 Cn.
439 1265 588 1331 Manlium]
599 1262 659 1319 vide
671 1243 706 1318 sd
718 1263 867 1338 proximum
879 1261 977 1318 locun.

376 1450 389 1477 *
400 1405 527 1520 Quirites,
536 1451 673 1520 quomm]
683 1447 721 1500 sio
730 1445 791 1501 edd.
802 1457 831 1499 et
842 1443 932 1510 codd„
942 1456 1023 1498 reete,
1035 1443 1131 1498 Nescio
1146 1442 1218 1498 unde
1225 1443 1351 1514 Meyerus
1363 1441 1445 1494 adsci-

410 1531 479 1585 verit
491 1549 571 1584 suum
579 1537 636 1604 qni.
1257 1565 1269 1600 χ

375 1697 596 1786 indignissimi]
607 1726 659 1766 tarn
673 1711 787 1782 nequani
800 1721 852 1775 est,
867 1721 899 1763 nt
911 1709 947 1762 sit
957 1707 1097 1780 indignus,
1106 1707 1153 1780 qni
1164 1727 1181 1761 a
1192 1707 1278 1780 probo
1288 1707 1393 1760 homino
1403 1707 1440 1760 vi-

410 1813 558 1872 inperetur,
568 1799 621 1854 imo
630 1797 845 1872 indignissimus,
855 1795 1014 1868 qniubonit
1023 1794 1158 1848 landetur.
1189 1865 1192 1870 Ι

379 1977 533 2040 Priscian.
544 1979 630 2053 VIII,
644 1977 676 2053 4,
690 1997 721 2059 p.
734 1977 815 2040 369:
833 1973 1162 2038 MetellusNumidicus
1171 1974 1205 2036 in
1217 1972 1373 2053 oratione,
1384 1993 1440 2054 qus

337 2080 418 2160 apud
432 2081 579 2164 populum
589 2079 626 2142 C.
635 2075 767 2140 Manilio
777 2075 905 2140 tribuno
917 2075 961 2160 pl.
977 2071 1139 2158 respondit
1149 2095 1158 2136 s
1170 2073 1249 2134 Nam
1261 2088 1293 2132 ut
1305 2073 1374 2132 aliis
1380 2073 1440 2151 ple·

336 2201 463 2266 rumque
476 2182 647 2244 obvenienti
662 2184 844 2260 magistratu
857 2177 898 2240 ab
912 2191 1026 2240 metum
1037 2191 1143 2240 statua
1150 2175 1367 2256 polliceantur,
1377 2195 1440 2258 pns-

335 2277 413 2352 SiVe‚
426 2291 615 2362 ἑπαγγιλθῶσιν.

374 2478 407 2530 C.
418 2475 541 2542 Manilio]
552 2476 591 2528 sio
604 2474 681 2526 codd.
694 2493 785 2528 omnes
799 2475 937 2528 Prisciani.
951 2475 1051 2547 [Vulgo
1060 2477 1179 2538 Manlio,
1193 2487 1264 2528 utet
1277 2480 1334 2527 cod.
1344 2475 1438 2527 Genoi.

400 2562 447 2615 .XI
459 2579 518 2614 saeo.
529 2566 551 2628 ];
570 2559 649 2631 Apud
662 2559 782 2614 Gellium
802 2561 830 2614 in
849 2573 938 2614 vetere
955 2561 1045 2614 codiee
1062 2562 1180 2634 scioppii
1198 2561 1230 2616 0.
1249 2559 1394 2625 Manlium,
1413 2561 1440 2612 in

409 2642 510 2696 Scheft.
520 2655 548 2696 et
555 2642 697 2710 Guelferb,
708 2642 739 2700 C.
751 2645 899 2697 Manilium
908 2643 1016 2715 legitur.
1023 2645 1172 2698 Veritatem
1181 2656 1269 2696 eutem
1276 2641 1332 2714 jam
1342 2643 1440 2696 siusium

335 2789 338 2796 1
405 2727 506 2800 reperit
512 2727 622 2800 Pighius
632 2728 660 2782 in
670 2727 768 2782 Anna.
779 2728 812 2782 nd
822 2731 887 2782 a.U.
896 2728 1073 2794 att,vol.111‚
1082 2749 1111 2800 p.
1122 2729 1184 2806 iii,
1194 2730 1241 2798 qui
1251 2729 1283 2782 C.
1290 2727 1439 2782 Mamilium

405 2813 571 2866 Limetanum
589 2811 728 2866 tribunum
747 2812 787 2884 pl.
806 2833 838 2888 a,
849 2813 901 2866 663
919 2811 1125 2884 intelligendum
1143 2825 1230 2884 putet,
1245 2809 1324 2884 cujus
1343 2814 1440 2888 rogatio

405 2916 513 2970 magnas
521 2895 700 2950 dissensiones
708 2897 847 2968 variosque
856 2897 885 2949 in
894 2897 961 2950 urbe
971 2896 1105 2949 tumultus
1116 2897 1247 2950 movebat.
1257 2897 1320 2950 vid.
1330 2897 1438 2950 Sallust.

405 2983 469 3054 Jug.
480 3001 504 3036 a.
516 2983 559 3034 40.
583 2979 613 3032 ld
626 2980 710 3053 igitur
722 2995 820 3034 nomen
832 2980 860 3032 iu
872 2979 962 3033 Gellio
980 2991 1007 3032 et
1024 2979 1159 3032 Prisciano
1172 2981 1368 3034 restituendum
1380 2983 1438 3046 erit,

407 3067 604 3136 orationemque
621 3065 876 3120 attentabat
893 3065 1034 3127 Metellus,
1053 3065 1100 3135 qui
1120 3064 1149 3116 in
1169 3083 1270 3118 annum
1289 3079 1439 3138 sequentem

402 3153 499 3206 deinde
512 3152 607 3230 consul
619 3166 661 3206 est
674 3153 839 3224 designatus.
860 3151 999 3205 Euentu:
1013 3153 1089 3206 Num
1103 3153 1147 3204 itio
1161 3153 1324 3223 (Manlius),
1338 3155 1437 3224 inquit,

402 3251 427 3292 tt
440 3238 490 3293 Cn.
503 3241 628 3312 Manlius
641 3260 697 3294 eum
706 3241 813 3293 ¹Rutilio
824 3241 919 3292 consul
927 3257 955 3292 a.
971 3243 1004 3294 U.
1017 3239 1067 3293 648
1081 3242 1148 3293 silem
1159 3245 1201 3304 sit,
1214 3257 1292 3312 quem
1304 3245 1438 3294 sordidum

404 3335 429 3375 et
440 3325 579 3397 ignobilem
590 3343 685 3398 genere
697 3327 742 3381 dit
748 3325 862 3396 jacuisse
877 3329 979 3389 scimus,
995 3329 1152 3398 priusquam
1165 3327 1202 3376 nd
1217 3327 1379 3378 oorssnlatum
1394 3347 1437 3380 ue-

403 3409 471 3458 niret
480 3406 547 3478 (Cio.
558 3405 608 3458 Pro
617 3405 708 3459 Plano.
719 3425 743 3459 o.
753 3407 791 3476 5),
805 3425 858 3459 non
870 3411 935 3459 satis
943 3421 1058 3460 oonstat.
1071 3407 1132 3461 Nee
1144 3407 1271 3480 Pighium
1285 3410 1437 3462 Mamilium

402 3492 568 3545 Limetanum
580 3491 695 3561 intelligi
705 3492 832 3545 uolentem
842 3481 1086 3563 probamus.'Nam
1099 3495 1121 3544 si
1132 3490 1283 3556 Mamilius,
1296 3492 1374 3548 hamo
1386 3507 1437 3547 tam

398 3587 504 3646 potens,
516 3587 651 3646 tantopere
662 3574 774 3626 Metello
785 3575 934 3642 obueotauit
950 3578 978 3626 in
995 3593 1028 3626 ea
1039 3577 1187 3646 quaestionis
1202 3578 1345 3636 severitate,
1359 3594 1436 3648 quarn

402 3663 523 3716 detritis
536 3659 679 3715 Sallustius
691 3662 757 3734 Jug.
772 3680 797 3714 e.
807 3659 852 3726 ⁴0,
868 3661 970 3714 vieille
982 3662 1169 3728 eonsulfaotus
1182 3674 1257 3714 esset.
1279 3661 1331 3714 Sed
1344 3662 1376 3717 de
1388 3663 1435 3716 tri·

400 3739 504 3798 bnnntn
513 3743 566 3796 Cn.
577 3742 682 3808 Manlii,
695 3760 775 3813 quem
790 3761 814 3794 n.
824 3745 859 3795 Ui
871 3745 924 3796 630
932 3743 1025 3814 gessit,
1034 3742 1104 3796 nihil
1118 3755 1232 3808 onustat,
1243 3743 1315 3797 unde
1328 3757 1435 3798 eonten-

402 3825 500 3880 tionem
514 3828 585 3881 inter
597 3847 657 3881 eum
669 3841 697 3882 et
710 3827 849 3881 Metellum
865 3827 1037 3880 Numidicum
1050 3839 1107 3880 tum
1121 3827 1186 3880 oriri
1195 3827 1316 3900 potuisse
1328 3829 1436 3902 colliga·

401 3927 476 3964 must
490 3929 539 3964 neo
553 3929 643 3975 eausa,
653 3930 732 3983 quam
741 3911 861 3966 Ellendt.
871 3911 995 3984 protulit,
1008 3930 1056 3963 eur
1065 3930 1129 3964 sero
1140 3931 1196 3964 non
1209 3911 1245 3964 sit
1257 3911 1352 3977 simile,
1364 3913 1434 3966 litem

402 3997 552 4050 exercuisse
558 3997 697 4053 Metellum
704 4017 764 4052 eum
769 3997 886 4051 Mamilio
894 3997 1012 4061 tribuno,
1019 4015 1138 4070 magnam
1149 3997 1332 4050 annositatem
1340 3999 1433 4053 habet:

401 4080 526 4136 Metellus
538 4075 610 4136 enini
623 4097 697 4138 tanta
713 4084 794 4156 gratis
811 4097 838 4137 et
856 4085 1013 4138 auctoritate
1028 4081 1082 4155 jani
1100 4083 1201 4136 dudum
1219 4075 1291 4154 apud
1307 4086 1434 4158 populum

403 4167 497 4230 valuit,
507 4181 539 4221 ut
547 4169 643 4224 consul
653 4170 787 4242 suffragiis
797 4169 904 4224 decerni
916 4183 1017 4241 posset,
1028 4171 1148 4242 quamvis
1162 4170 1299 4224 resisteret
1316 4171 1433 4227 tribuno·

403 4273 463 4310 rum
476 4274 556 4310 unus.
568 4255 629 4322 [Pro
639 4258 701 4312 aliis
711 4275 783 4310 unus
791 4255 896 4311 Krehlii
906 4259 997 4323 aliua]
