3288 5344
738 462 785 513 vlt

209 578 474 664 Germanicum,
497 589 677 651 oratorem
692 573 975 663 celeberrimum,
998 579 1190 650 Munatium
1209 578 1310 651 Plan·

211 729 304 792 cum,
329 707 574 791 Maecenatem,
600 700 770 774 Helvium·
788 703 973 790 Manciam,
993 703 1126 776 lulium
1149 703 1309 790 Florum,

211 834 261 905 A.
278 831 440 935 Galbam,
459 833 504 926 Q.
529 829 728 916 Haterium,
752 829 898 914 Varium
921 829 1123 918 Geminum,
1152 832 1312 902 Asinium

210 957 350 1031 Gallum
367 957 525 1056 aliosque
542 956 686 1028 multos.
708 958 875 1049 Quantus
895 970 1013 1028 autem
1030 957 1175 1028 omnino
1193 974 1307 1028 orato·

207 1107 288 1156 rum
299 1086 538 1156 Romanorum
551 1080 846 1166 luerltnumerus,
860 1081 994 1151 Fronto
1007 1082 1042 1151 in
1062 1080 1220 1178 Epistola
1229 1107 1313 1179 qua·

211 1209 291 1280 dam
307 1210 350 1280 ad
368 1211 420 1280 M.
437 1210 614 1282 Caesarem
630 1209 684 1278 De
701 1204 797 1303 eloq.
820 1205 875 1304 (p.
901 1205 972 1277 235
995 1206 1053 1278 ed.
1073 1205 1203 1305 Rom.)
1217 1221 1313 1278 exte-

210 1335 350 1410 nuando
373 1332 519 1421 indicat,
547 1359 628 1405 eum
649 1334 760 1404 dicit:
789 1329 969 1404 serenan
985 1357 1099 1403 omnes
1117 1334 1309 1422 unt'rerros,

211 1463 425 1558 quicumque
436 1471 521 1558 post
533 1461 683 1530 Romam
695 1452 879 1532 conditam
896 1468 1057 1530 oratores
1075 1460 1308 1548 exstiterunt,

211 1581 290 1656 illos
309 1582 437 1670 attona,
461 1607 549 1682 quos
568 1583 605 1654 in
624 1583 774 1654 Oratore
796 1580 925 1653 Cicero
943 1577 1155 1678 eloquentiae
1178 1583 1315 1654 ctbt'tate

211 1710 394 1806 gregatim
418 1706 575 1789 donarit,
598 1708 632 1778 εί
653 1730 842 1778 nurnerere
863 1703 964 1796 uelis,
992 1709 1053 1778 vie
1079 1719 1315 1780 trecentorum

214 1853 398 1900 numerum
412 1827 585 1929 tmplebt's.
600 1813 753 1900 Centum
770 1853 856 1924 ergo
871 1845 908 1900 et
927 1829 1219 1928 vigintiquinque
1236 1855 1315 1902 ora-

215 1969 310 2024 tores
327 1954 463 2048 scripta
475 1954 510 2024 in
529 1967 691 2047 posteros
708 1951 890 2022 tradidisse
909 1951 1002 2023 dieo.
1024 1949 1127 2022 Nulla
1146 1951 1211 2023 alia
1229 1977 1317 2048 geos

217 2076 329 2151 simile
355 2074 491 2172 praebet
519 2072 735 2171 exemplum,
763 2073 862 2146 nulla
885 2089 939 2148 tot
969 2075 1124 2147 artificiis
1155 2081 1318 2150 oratoriis

216 2197 388 2273 abundat.
404 2200 544 2274 Ceterae
562 2199 739 2282 nationes,
756 2222 795 2268 ac
807 2200 1003 2294 praesertim
1016 2215 1219 2271 nostrorum
1232 2217 1320 2274 tem·

139 2381 144 2388 ,
216 2345 363 2418 porum,
387 2323 423 2392 iu
445 2322 543 2394 omni
563 2320 630 2392 alio
652 2319 832 2391 literarum
852 2345 986 2417 genere
1007 2323 1118 2418 magis
1139 2323 1319 2398 excellunt

218 2471 324 2546 qnam
339 2449 378 2520 in
393 2451 563 2523 oratorio.
580 2447 654 2520 Ubi
665 2449 759 2520 inter
772 2448 968 2522 Germanos
982 2452 1198 2547 reperiemus
1215 2453 1321 2524 Cato·

217 2604 313 2668 nem,
327 2579 485 2668 Laelium,
497 2580 710 2677 Scipionem,
722 2579 850 2652 Gaium
864 2577 1082 2668 Gracchum,
1100 2581 1162 2652 ubi
1179 2583 1229 2654 M.
1247 2584 1319 2655 An·

218 2707 366 2793 tonium,
379 2705 557 2794 Crassum,
575 2706 788 2793 Carbonem,
806 2704 879 2777 Jul.
898 2707 1077 2780 Caesarem
1093 2709 1316 2797 Strabonem,

217 2834 462 2920 Hortensium,
479 2833 580 2905 Serv.
592 2827 786 2925 Sulpicium
799 2829 944 2918 Rufum,
961 2831 1022 2901 ubi
1034 2832 1224 2920 Caesarem,
1241 2836 1321 2908 Coe-

218 2957 319 3045 lium,
345 2957 505 3040 Calvum,
528 2953 724 3040 Messalam,
747 2953 907 3026 Asinium
929 2955 1138 3045 Pollionem,
1159 2960 1320 3032 Cassium

221 3080 375 3176 denique
396 3076 589 3150 Severum?
606 3078 675 3150 Hic
695 3073 885 3148 clarissima
900 3093 1037 3150 tantum
1051 3081 1186 3176 ingenia
1205 3101 1241 3158 et
1256 3111 1321 3157 no·

223 3205 353 3276 tissima
376 3204 516 3276 numina
541 3201 725 3299 appellavi.
749 3205 802 3275 Ac
827 3205 947 3276 nescio
971 3229 1017 3277 an
1043 3207 1179 3282 Graecae
1208 3209 1320 3287 literae

223 3332 399 3402 minorem
423 3323 559 3426 copiam
575 3345 762 3425 praestent,
791 3347 827 3401 et
851 3355 999 3403 numero
1027 3349 1224 3425 oratorum,
1253 3364 1321 3412 nec
1436 3362 1439 3368 ·

222 3477 338 3532 tamen
358 3459 561 3545 rhetorum,
584 3483 604 3529 a
631 3459 800 3558 Romanis
832 3475 973 3530 tantum
1000 3485 1075 3532 non
1097 3483 1319 3560 superentur.

222 3585 370 3658 Athenis
393 3585 486 3656 enim
501 3585 646 3680 ingenia
658 3586 702 3657 ad
720 3585 813 3655 varia
833 3583 1109 3684 multipliciaque
1124 3592 1321 3664 studiorum

223 3733 352 3806 genera
368 3733 407 3782 se
426 3708 697 3797 convertebant,
718 3707 929 3780 colebantur
941 3733 1064 3783 omnes
1078 3713 1234 3788 scientiae
1248 3743 1323 3814 spe-

224 3842 307 3930 cies,
322 3839 605 3938 splendidissima
617 3836 749 3911 lumina
761 3839 803 3911 ad
816 3838 1319 3937 philosophiamtransierunt,

222 3963 352 4038 relicta
366 3963 587 4063 eloquentia,
607 3963 714 4061 Apud
738 3967 920 4038 Romanos
938 3989 1021 4038 vero
1048 3968 1168 4041 caluit
1189 3996 1322 4044 summa

224 4088 505 4164 adolescentium
518 4090 715 4176 contentio,
732 4111 794 4184 per
806 4112 912 4186 quam
927 4087 1073 4180 cultum,
1087 4117 1244 4182 munera,
1260 4119 1323 4166 au-
