3200 5344
886 406 970 512 aar

535 684 566 745 3.
589 702 701 748 ourrro
715 701 771 746 rao
785 702 949 747 sacoaras
964 705 994 757 o.
1007 702 1141 760 varran,
1155 705 1235 748 rura.
1250 705 1297 747 ri.

402 891 509 957 Valet.
520 891 604 954 Max.
618 893 678 968 111,
690 893 724 966 l,
743 893 782 956 8:
802 891 936 956 Scaurus
957 913 1028 956 cum
1050 911 1109 976 pro
1129 877 1241 956 rostris
1256 906 1463 972 accusaretur,

360 995 441 1077 quod
455 993 494 1056 ab
509 981 584 1074 rege
599 993 782 1056 Mithridate
800 993 841 1056 ob
861 993 1085 1078 rempublicam
1101 997 1291 1078 prodendam
1305 994 1465 1078 pecuniam

358 1091 540 1176 accepisset,
559 1111 684 1155 causam
705 1113 792 1154 suam
813 1092 859 1154 ita
878 1093 961 1172 egit:
980 1093 1040 1155 Est
1053 1097 1137 1153 enim
1154 1099 1303 1178 iniquum,
1321 1095 1465 1176 Quirites,

356 1213 427 1253 cum
446 1199 527 1253 inter
540 1193 621 1254 alias
642 1197 800 1268 vixerim,
815 1194 900 1272 apud
911 1194 991 1255 alios
1006 1213 1057 1254 me
1071 1198 1222 1256 rationem
1237 1198 1314 1255 vitas
1329 1197 1466 1258 reddere.

354 1295 420 1356 Sed
439 1310 545 1356 tamen
564 1287 682 1354 audebo
706 1316 772 1367 uos,
789 1316 916 1379 quorum
937 1290 1044 1376 major
1061 1316 1137 1373 pars
1159 1293 1325 1356 mantibus
1344 1311 1375 1356 et
1395 1301 1467 1356 actis

354 1397 433 1452 meis
447 1397 596 1452 interesse
609 1411 672 1450 narr
684 1393 793 1470 parua,
809 1395 1019 1472 interrogare:
1030 1389 1067 1456 V
1064 1396 1147 1452 arius
1158 1392 1363 1452 Sucronensis
1371 1391 1466 1452 AEmi·

353 1490 432 1566 iiam
441 1490 596 1550 Scaurum
616 1493 703 1567 regia
723 1486 864 1548 mercede
885 1503 1073 1567 corruptum,
1087 1492 1256 1567 imperium
1274 1489 1387 1569 populi
1404 1490 1464 1550 Ro-

353 1577 629 1665 mani'pradidisse
644 1589 697 1648 ait.
715 1581 867 1646 AEmilius
876 1584 1011 1646 Scaurus
1022 1581 1092 1672 duic
1103 1604 1138 1649 se
1148 1585 1280 1668 affinem
1290 1586 1464 1665 esseculpoe

352 1683 454 1765 regal.
472 1685 543 1744 Utri
552 1683 678 1744 creditis
689 1682 705 1742 l

386 1843 470 1893 arcuo
480 1859 530 1912 pro
542 1844 580 1907 se]
595 1796 700 1892 causarn
713 1837 782 1892 dixit
794 1857 819 1891 a.
830 1840 892 1904 idi,
906 1833 1141 1911 temporibusbelli
1151 1819 1268 1903 socialis,
1279 1845 1333 1908 quo
1344 1857 1415 1892 anna
1427 1841 1462 1907 Q.

423 1921 523 1975 Varius
532 1920 652 1992 Hybrida
663 1933 720 1974 erat
731 1921 857 1974 tribunus
869 1920 967 1994 plebisr
981 1922 1101 1986 [Annum
1111 1922 1162 1974 663
1172 1920 1269 1974 statuit
1277 1920 1410 1989 Edenda]

383 2041 403 2126 ἦ
413 2048 487 2119 apud
496 2047 562 2100 alios
570 2065 610 2098 me
618 2049 759 2115 rationem]
770 2044 852 2098 codex
865 2045 982 2118 optimus
993 2043 1113 2100 nondum
1125 2043 1160 2098 ab
1171 2043 1232 2096 aliis
1244 2045 1381 2118 inspectus
1389 2048 1458 2120 apud

367 2143 369 2150 ·
426 2144 500 2182 ¹ratos
514 2145 569 2182 urle
580 2139 634 2182 rai.
645 2133 719 2182 vitae.

361 2303 372 2336 ,
391 2239 719 2334 *unsaramma
740 2223 854 2324 ..uui
866 2251 944 2306 aaa.
964 2254 1065 2309 raas
1078 2251 1188 2308 sm
1206 2253 1377 2311 rums.
1396 2255 1461 2310 vra.

421 2352 512 2392 uotam
521 2338 656 2392 Torrenii.

255 2510 324 2583 130
395 2465 529 2566 Quinto.
545 2481 586 2560 v,
608 2478 801 2568 1229=ffis
822 2477 954 2562 quaram¹
968 2462 1364 2561 persuasissimum,
1386 2501 1458 2562 quas

353 2595 489 2656 παθητικὰς
498 2594 625 2657 vocant,
635 2582 746 2644 ductas
754 2600 792 2642 cx
802 2577 980 2642 aflectibus.
989 2582 1067 2642 lude
1075 2581 1159 2642 enim
1168 2580 1222 2646 illa
1232 2581 1346 2644 nobilis
1355 2581 1461 2646 Scauri

350 2683 503 2746 defensio:
523 2683 566 2763 Q
580 2680 699 2742 Varus
707 2679 915 2740 Sucronensis
925 2683 981 2752 ait,
993 2677 1161 2738 AEmilium
1171 2679 1327 2739 Scaurum
1339 2701 1457 2761 rempu-

349 2785 462 2847 blicam
470 2782 579 2864 popuii
589 2783 725 2844 Romani
733 2780 902 2859 prodidisse
907 2805 921 2856 ;
931 2778 1082 2840 AEmilius
1091 2779 1232 2840 Scaurus
1243 2797 1346 2861 negat.

317 2907 320 2916 ¹
393 2881 502 2944 Aurei.
513 2881 636 2944 Victor.
655 2877 702 2940 De
716 2872 779 2939 ri'r'.
798 2865 913 2938 illustr.
929 2896 957 2938 c.
971 2863 1024 2951 li,
1040 2873 1076 2937 l:
1094 2873 1231 2939 Scaurus
1245 2896 1340 2938 senex
1355 2897 1454 2940 cuma

348 2980 446 3044 Vario
460 2975 538 3040 trib.
550 2976 596 3058 pl.
612 2987 808 3055 argueretur,
826 2972 912 3054 quasi
927 2969 1028 3034 socios
1041 2983 1074 3035 et
1087 2971 1210 3036 Latiam
1231 2974 1271 3035 ad
1285 2993 1373 3035 arma
1391 2993 1456 3036 coe·

348 3084 465 3167 gisam,
480 3081 521 3142 ad
533 3077 683 3160 populum
696 3078 757 3140 aits
776 3074 894 3142 Varias
912 3073 1115 3136 Sacroirerisis
1132 3075 1300 3149 AEmiliam
1313 3067 1459 3140 Scaurum

348 3191 395 3244 air
404 3184 505 3242 socias
516 3179 559 3237 ad
566 3199 661 3240 arma
668 3181 820 3258 coegisse,
830 3175 967 3236 Scaurus
974 3179 1088 3255 negat.-
1102 3179 1163 3235 uari
1170 3176 1270 3254 parias
1280 3178 1460 3238 credendam

372 3277 489 3341 utaris?
808 3336 812 3342 ,

347 3305 370 3362 p
392 3374 546 3440 Asconius
559 3372 595 3436 in
607 3372 698 3438 Orat.
716 3371 783 3436 Cic.
803 3389 862 3454 pro
877 3369 993 3434 Scauro
1008 3391 1079 3454 pag.
1093 3370 1152 3435 133
1168 3373 1218 3436 ed.
1231 3368 1337 3434 Beier.
1355 3375 1405 3458 (p.
1419 3373 1456 3436 22

349 3474 483 3561 Orell.)r
498 3498 512 3530 a
528 3467 641 3533 italico
653 3469 737 3531 bello
750 3481 860 3531 exorto
874 3485 945 3548 cum
966 3467 1006 3530 ob
1028 3467 1120 3530 sociis
1141 3479 1285 3548 negatam
1300 3465 1458 3532 civitatem

348 3575 499 3640 nobilitas
509 3574 544 3635 in
558 3569 678 3633 invidia
689 3582 781 3646 esset,
810 3571 851 3654 Q.
866 3559 979 3632 Varius
992 3567 1124 3654 trib.'pl.
1137 3569 1238 3651 legem
1253 3569 1324 3632 tulit
1337 3583 1371 3632 at
1381 3591 1458 3652 quae·

349 3671 473 3742 icimur
494 3674 533 3736 de
554 3669 604 3748 iis,
622 3683 753 3753 quornm
772 3689 868 3754 opera
888 3668 1057 3736 consiliove
1077 3668 1291 3747 sociicontra
1312 3662 1456 3754 populum

349 3778 523 3838 Romanum
547 3790 634 3834 arma
659 3768 872 3851 sumpsissent.
897 3769 975 3830 Tum
998 3771 1039 3853 Q.
1054 3768 1175 3852 Caepio,
1200 3781 1291 3832 retas
1313 3765 1457 3832 inimicus

349 3872 476 3947 Scauri,
495 3889 625 3952 sperans
639 3863 799 3931 invenisse
818 3887 850 3928 se
869 3866 1065 3930 occasionem
1076 3867 1272 3950 opprimendi
1287 3865 1365 3950 ejus,
1381 3868 1454 3948 egit,

349 3981 385 4032 ut
395 3972 437 4053 Q.
445 3966 559 4033 Varias
573 3965 649 4028 trib.
663 3964 707 4048 pt.
719 3962 796 4030 belli
807 3960 957 4024 concitati
968 3962 1100 4024 crimine
1112 3955 1219 4026 adesse
1229 3963 1311 4046 apud
1321 3981 1355 4044 se
1364 3963 1456 4026 Scau-

350 4084 421 4128 rum
436 4063 561 4148 juberet
576 4082 657 4124 anno
668 4057 804 4124 LXXll..
815 4060 873 4122 llle
887 4078 944 4140 per
956 4061 1110 4123 viatorem
1125 4061 1300 4138 arcessitus,
1313 4065 1383 4124 curn
1393 4059 1457 4142 jam

350 4185 391 4226 ex
404 4159 517 4226 morbo
531 4160 613 4222 male
627 4155 813 4232 solveretur,
830 4156 1078 4220 dissuadentibus
1088 4154 1213 4232 amicis,
1233 4179 1275 4222 ne
1296 4177 1329 4222 se
1351 4155 1385 4220 in
1403 4155 1456 4220 illa

350 4259 528 4331 valetudine
539 4271 571 4322 et
580 4268 671 4320 aetate
686 4253 812 4325 invidie
822 4251 928 4339 populi
941 4252 1108 4337 obiiceret,
1119 4257 1244 4322 innixas
1258 4256 1454 4322 nobilissimis
