3212 5326
693 384 759 456 163

161 536 321 604 guroenta
336 536 367 586 et
382 534 522 606 tempora
541 520 676 584 nondum
697 517 840 582 iuvenire
861 519 998 602 potet‘am
1005 555 1015 594 a
1035 519 1100 584 sive
1121 525 1201 604 qnod
1221 543 1271 586 res
1298 549 1343 620 59

166 641 301 704 prorsus
322 633 369 682 est
392 620 509 700 ignota,
531 635 584 680 seu
607 615 687 697 quod
710 611 933 698 inscriptiones
956 615 1037 697 apud
1056 620 1272 696 grammaticus
1322 631 1329 644 “

164 721 285 788 vitiose
304 729 525 780 memorantur.
890 728 892 733 ’

277 892 328 956 19.
352 909 476 964 anano,
491 908 552 962 ona
567 907 638 950 usus
654 907 704 948 rsr
720 908 761 948 an
775 907 894 950 nrtrrns
909 908 1022 950 corrui
1037 907 1172 952 causan.

213 1053 335 1118 Gellius
348 1056 377 1127 1,
391 1053 431 1114 23
446 1051 454 1112 ὲ
470 1049 608 1114 Historia
621 1051 659 1112 de
670 1049 798 1132 Papirio
809 1053 997 1115 Praetextato
1007 1049 1092 1113 dicta
1102 1051 1276 1139 scriptaque

161 1152 219 1214 est
240 1173 257 1213 a
275 1153 318 1212 Μ.
333 1149 451 1212 Catone
465 1153 496 1208 in
511 1151 663 1221 oratione,
679 1169 740 1232 qua
755 1168 828 1209 usus
841 1163 887 1208 est
899 1149 943 1208 ed
956 1148 1067 1210 milites
1080 1163 1188 1208 contra
1203 1149 1275 1208 Gal·

165 1249 259 1323 bam,
283 1267 353 1309 cum
373 1247 471 1308 molta
489 1241 613 1328 quidem
631 1255 794 1308 venustate
814 1257 906 1326 atque
924 1246 994 1308 luce
1014 1259 1106 1328 atque
1124 1245 1276 1308 munditia

161 1347 350 1412 verborum.
368 1347 659 1410 EaCatonisvm-ba
672 1341 747 1408 hnic
759 1365 887 1428 prorsus
905 1348 1128 1412 commentario
1146 1348 1274 1410 indidis-

160 1471 248 1522 sem,
261 1449 287 1511 si
297 1449 371 1510 libri
383 1449 473 1533 copia
483 1445 591 1510 inisset
600 1447 634 1509 id
643 1447 802 1530 temporis,
817 1467 887 1511 cum
897 1447 963 1510 brec
973 1448 1100 1512 dictavi.

201 1592 294 1637 contra
303 1585 420 1653 Galbam]
428 1583 550 1637 eumdem
556 1583 675 1638 Servium
681 1582 829 1658 Sulpicium
836 1583 948 1637 Galbam
957 1583 1089 1656 intelligo,
1098 1597 1275 1654 cantraquem

238 1689 287 1742 pro
296 1670 433 1722 Lusitanis
441 1669 517 1722 dixit.
528 1671 619 1744 Wass.
634 1669 668 1720 ad
677 1671 779 1740 Fragm.
789 1669 889 1721 Histcr.
897 1667 951 1720 vol.
962 1669 998 1733 11,
1007 1688 1035 1740 p.
1048 1671 1095 1722 sot
1108 1667 1151 1720 ed.
1160 1669 1271 1720 Havete.

239 1755 421 1808 dicittNescic
430 1775 464 1808 an
472 1756 649 1826 fragmentum
657 1773 690 1806 ex
696 1755 796 1807 Catone
805 1753 928 1807 inSeret'a
935 1755 984 1823 (sic
993 1753 1065 1808 euim
1073 1753 1146 1825 apud
1154 1753 1273 1806 Nonium

239 1857 266 1891 v.
274 1839 376 1891 Collum
385 1838 493 1911 legitur)
499 1838 553 1890 huc
562 1837 730 1890 referendum
739 1837 785 1900 sit,
792 1836 830 1888 ita
837 1848 870 1888 ut
877 1836 1009 1909 legamuat
1019 1860 1033 1887 a
1041 1839 1108 1890 Cato
1117 1839 1146 1889 in
1153 1835 1273 1890 Servium

239 1921 365 1974 Galbam
378 1919 508 1993 Aoeioiie,
519 1919 545 1972 εἰ
552 1919 645 1980 eadm,
657 1918 701 1972 lter
711 1937 775 1972 onus
787 1917 814 1970 in
825 1925 923 1972 uestros
934 1920 1073 1974 collar.»-
1080 1921 1111 1972 iu
1120 1918 1210 1972 eadem
1220 1919 1273 1972 for·

245 2019 314 2060 tasse
330 2025 409 2059 causa
421 2020 513 2060 contra
521 2005 634 2060 Galbam
646 2005 715 2058 hane
728 2022 834 2074 quoque
847 2005 993 2058 orationem
1003 2005 1098 2058 habuit
1110 2005 1186 2057 Cato.
1205 2005 1273 2058 Cum

159 2157 161 2164 Ι
240 2093 311 2144 enim
322 2091 434 2146 Galbam
451 2111 573 2159 accusare
588 2090 684 2155 vellet,
705 2089 818 2154 milites,
838 2107 904 2159 quoa
923 2089 971 2142 iile
991 2107 1081 2142 secum
1099 2087 1227 2140 habuerat
1246 2093 1273 2140 in

244 2173 389 2246 Hispania,
408 2175 541 2226 allocutus
557 2185 584 2226 et
600 2171 752 2226 cohortatus
769 2183 824 2236 est,
845 2185 877 2226 ut
895 2171 1091 2224 malefactorum
1110 2169 1275 2242 imperatoris

244 2255 396 2308 testimonia
411 2255 537 2308 dicerent.
555 2253 653 2321 [Panic
667 2265 729 2327 post
743 2251 825 2305 codex
841 2253 958 2324 optimus
971 2253 1055 2306 Paria.
1070 2259 1210 2317 vetustate,
1226 2273 1275 2324 pro

242 2341 357 2402 venusi]

528 2461 581 2524 50.
605 2475 715 2524 onium
730 2481 772 2523 au
791 2479 909 2522 rinion.

205 2621 473 2700 Serviusinvng.
484 2623 605 2706 Georg.
617 2623 644 2697 1,
656 2621 710 2684 46:
725 2621 824 2686 «cato
834 2619 1021 2684 inoratione
1033 2621 1073 2684 ad
1082 2618 1181 2684 titium
1194 2643 1202 2684 t
1213 2624 1274 2698 Vir

161 2718 267 2778 honus
280 2732 336 2792 est,
349 2718 395 2778 M.
397 2717 465 2798 fili,
476 2718 598 2776 colendi
607 2722 737 2795 peritus,
749 2713 838 2796 quits
846 2718 1046 2795 firranaenta
1061 2717 1271 2796 splendent.—

160 2813 380 2893 Corrigendus
391 2825 440 2876 est
447 2813 587 2876 Servius.
602 2811 681 2874 Cato
692 2829 755 2872 non
766 2807 939 2874 orationem
953 2813 993 2872 ad
1007 2807 1115 2884 filium,
1129 2815 1183 2874 sed
1191 2832 1268 2894 prae·

161 2923 259 2992 cepta
277 2912 317 2970 ad
337 2927 408 2970 enm
427 2905 570 2990 scripsit,
587 2902 718 2988 qnorum
736 2905 910 2986 fragmenta
928 2903 1080 2982 aPlinio‚
1098 2905 1267 2986 Diomede,
1350 2987 1352 2992 Ι

162 3005 271 3072 Nonio
279 3007 466 3070 afferuntur.
482 3000 571 3092 [Qum
581 3003 652 3068 ride
662 3006 743 3089 apud
751 3005 889 3070 Bolhuis.
903 3026 935 3088 p.
946 3005 1006 3070 193
1019 3002 1104 3096 sqq]

261 3167 323 3231 51
349 3188 425 3232 CATO
440 3191 470 3232 itt
487 3188 676 3232 nissuaslontt
689 3191 728 3232 DE
743 3173 948 3232 susstinens
962 3189 1046 3234 tacis
1060 3189 1166 3232 JUNIAE.

210 3337 341 3396 Festus:
358 3333 506 3396 Prorsus.
527 3335 604 3398 Cato
619 3335 658 3397 tle
671 3333 864 3398 feneratione
877 3332 955 3416 legis
968 3335 1086 3399 Juniae:
1102 3335 1270 3411 Camerini,

165 3439 246 3496 cives
262 3437 372 3510 nostri,
388 3436 531 3514 oppidem
545 3434 708 3516 pulchrum
725 3433 870 3506 habuere,
881 3457 996 3515 agrum
1014 3439 1165 3517 optimum
1181 3451 1271 3520 atque

159 3532 421 3613 pulcherrimum,
438 3553 506 3593 rem
518 3535 815 3616 fortunatissimam.
838 3533 917 3594 Cum
937 3535 1074 3595 Romam
1093 3531 1268 3609 veniebant,

159 3649 295 3711 prorsus
309 3631 538 3696 devertebantur
546 3655 605 3714 pro
621 3633 789 3714 hospitibus
802 3635 845 3693 ad
856 3638 975 3693 amicos
989 3653 1074 3693 suos.

201 3765 301 3836 Jum‘ae]
311 3768 353 3820 ed.
366 3770 429 3822 1511
442 3767 518 3823 ninia
523 3793 532 3831 ,·
544 3770 587 3824 ed.
600 3771 665 3824 1526
674 3767 767 3822 meite.
779 3769 880 3824 Deinde
888 3767 971 3822 codex
979 3765 1174 3838 conaminis).

96 3911 98 3918 s
193 3849 441 3920 fortunatissimam]
454 3853 642 3920 fortissimam
661 3874 719 3908 mox
731 3855 894 3908 decertabant
906 3853 972 3905 ibid.
992 3855 1118 3904 Praeterca
1134 3853 1267 3908 Camerini

239 3937 303 3989 sunt
323 3956 338 3988 a
355 3939 476 3992 Camerio
495 3941 573 4006 urbe,
596 3958 674 4010 quam
694 3941 764 3992 inter
783 3939 883 3992 vicinas
902 3939 991 3991 Romae
1011 3950 1134 3992 numerat
1150 3937 1265 3991 Plinius.

240 4023 350 4093 Popma.
378 4053 383 4068 x

211 4143 328 4209 Nonius
348 4169 378 4230 p.
394 4150 445 4226 61,
461 4153 517 4214 16:
539 4152 655 4212 Pedato
674 4151 806 4235 positum
826 4175 883 4236 pro
898 4151 1031 4234 repetitu
1051 4155 1101 4216 vel
1122 4174 1258 4216 accessu,

1309 4373 1318 4404 Ι
