3212 5326
876 451 943 520 146

256 630 257 633 ,
354 584 422 660 bat,
443 587 470 648 si
484 587 615 652 lustrum
628 587 703 652 felix
717 584 943 664 condidissent,
960 587 987 651 si
1001 588 1117 650 horrea
1133 588 1239 656 mesae
1252 587 1417 669 mpicoect,
1435 589 1463 650 si

354 685 510 752 vindemia
521 691 738 764 redundasset,
761 690 790 750 si
800 690 917 752 oliveta
929 689 1017 768 targa
1026 687 1201 752 fluxissent.
1218 715 1233 746 a

395 789 456 852 Hic
468 789 581 852 finium
596 791 757 854 orationes
770 790 930 852 censorie.
945 783 997 876 [V.
1010 791 1050 852 ad
1061 807 1134 872 pag.
1147 791 1187 854 28
1199 788 1383 878 aucupa]

647 955 698 1018 34.
724 975 834 1018 canuto
850 975 881 1018 1n
899 973 997 1019 accan
1014 975 1161 1018 oncarau.

393 1111 532 1174 Macrob.
546 1112 614 1174 Sat.
627 1113 670 1186 ll,
682 1111 720 1173 13
732 1133 740 1171 ε
753 1136 767 1166 «
779 1107 887 1172 Prima
896 1107 1035 1171 omnium
1046 1112 1085 1172 dc
1095 1109 1192 1172 coenis
1203 1110 1253 1172 lex
1265 1111 1304 1170 ad
1315 1107 1460 1192 populum

348 1209 466 1275 Orchia
478 1211 635 1294 pervenit,
652 1233 745 1292 quam
763 1211 836 1274 tulit
848 1209 887 1282 C.
897 1210 1033 1276 Orcbius
1047 1211 1190 1274 tribunus
1208 1211 1253 1293 pl.
1268 1212 1362 1273 tertio
1375 1233 1460 1274 anno

349 1327 442 1394 quarn
455 1312 533 1375 Cato
549 1314 789 1382 conscisceret,
804 1311 893 1393 cnjus
905 1313 1016 1387 verba,
1041 1313 1114 1393 quia
1133 1325 1205 1372 sunt
1224 1309 1358 1393 prolixa,
1381 1325 1458 1395 pre·

347 1423 448 1475 tereo.
469 1414 597 1476 Summa
614 1425 719 1476 autent
733 1412 799 1495 ejus
813 1411 1034 1494 proscribebat
1055 1429 1219 1475 numerum
1233 1411 1456 1490 convivarum,

347 1522 380 1570 et
391 1508 456 1570 haec
467 1521 515 1570 est
529 1511 578 1570 len
588 1509 719 1584 Orchia,
731 1511 769 1570 dc
784 1529 844 1590 qua
853 1507 927 1568 Cato
942 1511 972 1566 io
987 1511 1180 1569 oraoonibos
1194 1510 1256 1572 suis
1266 1507 1459 1574 vociferaba-

346 1621 412 1683 tur,
434 1612 516 1690 quod
529 1611 653 1692 plures,
674 1630 767 1692 quam
787 1609 968 1693 praescripto
989 1607 1056 1692 ejus
1078 1609 1260 1684 cavebatur,
1281 1612 1319 1672 ad
1339 1632 1457 1674 coenam

346 1703 686 1770 vocarentura-De
701 1727 831 1768 nurnero
847 1703 1052 1768 convivarum
1067 1727 1129 1769 non
1145 1719 1285 1768 constat:
1302 1709 1355 1768 sed
1366 1709 1459 1770 notis·

346 1803 458 1865 simum
476 1814 524 1867 cat
543 1804 762 1888 proverbium:
783 1803 910 1883 Septem
925 1807 1117 1865 convivium:
1138 1823 1245 1865 norem
1265 1824 1341 1863 vero
1361 1812 1457 1865 convi-

346 1905 441 1978 cium,
453 1897 478 1961 i.
491 1917 521 1962 c.
538 1913 656 1982 septem
670 1897 813 1963 convivae
827 1901 1006 1962 convivium
1019 1898 1139 1985 iaciunt
1152 1897 1334 1980 legitimum,
1345 1919 1456 1963 novem

346 1997 489 2059 convive
503 2000 626 2059 modum
641 1998 813 2070 excedunt3
835 1997 917 2076 qnod
930 1996 1047 2076 legitur
1061 1998 1144 2078 apud
1156 1995 1219 2058 Jni.
1237 1993 1407 2078 Capitolia.
1423 1997 1454 2058 in

345 2097 430 2158 Vero
445 2097 525 2178 Imp.
541 2117 573 2158 c.
587 2093 617 2156 ὅ.
642 2091 772 2174 Pighius
786 2091 820 2154 in
836 2094 953 2155 Annei.
971 2095 1010 2154 ad
1024 2113 1054 2154 a.
1066 2093 1143 2166 bii,
1163 2113 1197 2176 p.
1212 2091 1293 2156 330:
1310 2119 1325 2150 a
1344 2095 1455 2173 Legem

344 2195 384 2256 de
396 2213 527 2257 numero
540 2195 757 2269 convivarum,
771 2183 885 2275 inquit,
902 2193 939 2257 C.
954 2193 1067 2256 Orciua
1077 2191 1221 2254 tribunus
1233 2194 1277 2274 pi.
1290 2194 1409 2276 primns
1419 2195 1456 2256 de

344 2309 470 2356 senatus
490 2295 648 2356 warentia
670 2291 753 2366 tulit,
776 2295 871 2355 tertio
894 2311 985 2374 quam
1004 2293 1083 2356 Cato
1104 2311 1216 2355 censor
1237 2293 1340 2356 iuerat
1360 2312 1453 2370 auno,

344 2393 602 2474 quenadmodum
616 2393 795 2456 Macrobius
811 2392 846 2476 (l.
860 2393 897 2477 l.)
915 2403 1048 2456 testatur
1062 2391 1190 2456 diserte.
1208 2392 1322 2474 Legem
1340 2395 1382 2458 Μ.
1399 2395 1456 2459 Ca·

343 2503 450 2552 tonent
472 2486 650 2552 dissuasisset
672 2491 806 2572 primum
828 2509 868 2552 ex
888 2491 980 2552 Festo
1001 2489 1148 2570 colligere
1162 2507 1331 2573 possumus,
1349 2487 1402 2574 qui
1419 2513 1456 2555 ex

247 2629 250 2638 ·
344 2588 472 2652 Catonis
486 2590 639 2664 oratione,
658 2611 719 2670 qua
731 2590 831 2668 legem
842 2589 971 2653 Orciam
985 2585 1150 2665 dissuadet,
1163 2591 1263 2652 verba
1278 2583 1365 2653 citat.
1382 2592 1456 2654 Per·

342 2691 438 2753 laum
451 2708 528 2754 vero
539 2703 649 2772 postea
660 2686 845 2766 defendisse,
868 2707 907 2750 ex
926 2687 994 2770 ejus
1015 2687 1077 2751 alia
1094 2688 1237 2753 oratione
1248 2689 1333 2753 idern
1350 2689 1455 2754 Festus

341 2791 549 2866 demonstrat,
566 2787 622 2851 ubi
635 2791 742 2862 docet,
760 2789 834 2871 quid
852 2787 894 2850 ait
908 2788 1128 2850 obsonitavere.
1153 2787 1342 2852 Dissuasisse·
1362 2789 1456 2872 igitur

341 2891 478 2972 primum
489 2889 619 2954 oreiam
633 2888 864 2964 anennoeto,
887 2875 924 2947 ut
944 2887 1037 2949 nimis
1059 2887 1171 2962 laxam,
1189 2887 1270 2968 qarod
1290 2905 1452 2952 numerum
1490 2969 1493 2975 Ι

341 2973 545 3038 convivarum
559 2975 749 3038 solummodo
763 2973 950 3036 terminaret
960 2985 992 3034 ct
1000 2983 1140 3054 sumptos
1151 2989 1215 3034 non
1225 2973 1449 3053 restringeret:

265 3057 313 3130 43
338 3085 446 3152 postca
464 3093 541 3134 vero
563 3091 626 3133 non
647 3071 702 3131 diu
721 3072 759 3130 de
780 3070 839 3130 hac
858 3069 933 3130 item
952 3069 986 3128 in
1005 3069 1199 3131 orationibus
1218 3071 1293 3139 suis,
1317 3083 1352 3130 ut
1371 3072 1451 3132 idem

340 3167 518 3229 Macrobius
541 3165 598 3242 ait,
621 3164 865 3238 vociferabatur,
892 3164 974 3244 quod
996 3163 1112 3243 plures,
1137 3184 1230 3245 quam
1250 3163 1355 3227 Orciae
1375 3186 1451 3246 prae.

338 3267 458 3350 scripto
470 3265 652 3338 cavebatur,
662 3276 728 3324 tum
738 3266 777 3324 ad
786 3283 909 3325 coenam
918 3263 1449 3348 vocarentur.»-Haboitprimam

340 3363 595 3442 orationemque
604 3360 704 3438 legem
713 3355 1080 3436 orchiamticauadehae,
1089 3383 1172 3426 anno
1181 3363 1242 3426 5172
1258 3366 1295 3426 P.
1305 3363 1452 3428 Cornelio

341 3461 490 3546 Cethego,
501 3459 660 3525 bLBaebio
672 3459 873 3534 Coeamaodo
884 3475 995 3523 aarum
1006 3461 1057 3536 ait,
1073 3462 1343 3540 iegembocanno
1354 3465 1448 3527 tarem

339 3585 419 3628 esse.
430 3565 521 3638 Cani.
532 3563 680 3633 Creozer.
690 3559 834 3643 antiqu.
846 3565 936 3628 bun.
950 3584 982 3645 p.
995 3562 1071 3628 428.
1083 3565 1260 3632 Macrobioe
1270 3572 1357 3630 certe
1366 3569 1447 3630 hune

305 3665 306 3670 ’
340 3687 459 3729 annam
467 3665 616 3732 describit
627 3683 636 3726 a
649 3665 688 3728 de
698 3664 798 3724 altera
809 3683 930 3728 annum
939 3665 1104 3748 captam
1114 3685 1179 3730 non
1188 3666 1323 3730 iicet*
1333 3670 1447 3752 Papma

339 3779 373 3832 ct
382 3768 460 3832 Lion
471 3780 635 3848 utramque
645 3761 823 3829 preconem
835 3763 1040 3828 confundunt.
1233 3816 1235 3822 .

381 3869 568 3946 Fragmenta
579 3861 731 3930 orationis
744 3868 778 3924 ira
790 3864 891 3943 Iegem
903 3864 1054 3926 Orchiam
1069 3867 1135 3927 htec
1150 3881 1234 3929 aaut.

381 3964 556 4032 Scholiasta
562 3965 735 4032 Vaticanus
749 3966 791 4028 ad
799 3964 962 4028 Ciceronis
971 3965 1145 4030 Sestiaaam
1160 3987 1232 4050 cap.-
1245 3967 1298 4042 bia
1311 3969 1361 4030 ed.
1373 3967 1445 4030 thri

340 4069 440 4146 val-1,
451 4089 483 4152 p.
497 4070 554 4132 161
573 4066 615 4152 (p.
629 4065 1041 4152 310sq.eo.0eo11.)=caoo
1055 4064 1204 4149 irriagctn
1213 4069 1364 4142 Orchiam
1375 4087 1445 4132 eon·

339 4168 443 4230 ierens
464 4189 501 4232 ea
521 4180 589 4250 quoe
609 4165 730 4231 uirtus:
750 4165 792 4225 Ur
809 4185 940 4227 sommae
958 4167 1069 4246 gloriae
1085 4147 1144 4228 oizi
1164 4175 1312 4230 comme
1322 4167 1444 4249 prefici·

338 4269 457 4334 coeatisa
467 4291 481 4332 ,·
505 4266 661 4326 dedecoris
684 4282 760 4324 veru
783 4265 939 4340 precipui
963 4267 1189 4334 existimaram,
1215 4273 1287 4349 qaue*
1310 4265 1446 4344 mapsa
