3212 5326
874 382 938 451 116

389 519 468 603 Cap,
490 520 642 596 izusetu
657 531 684 583 <li
703 531 815 602 Μαξίμου
833 533 875 588 τὴν
895 529 1045 602 Ταραντίνων
1065 531 1133 584 κτίλον
1155 534 1259 596 ίλόντος,
1281 535 1351 600 tege
1373 535 1416 604 μὲν
1442 536 1456 586 ὁ

346 635 433 686 Κάτων
459 633 642 704 στρατευόμενος
667 635 709 684 ὑπ’
738 635 821 703 αὐτῷ,
850 631 939 704 κομιδῇ
969 632 1092 706 μειράκιον
1119 636 1160 686 ὧν.
1203 622 1309 705 Quum
1340 623 1460 688 Fabius

346 720 515 782 Tarentum
528 731 656 799 caperet
669 737 753 780 anno
770 716 842 791 stt,
859 718 937 781 Cato
950 737 1050 780 annos
1066 717 1105 782 25
1123 731 1213 780 natus
1227 733 1308 784 erat.

389 814 468 896 Cap·
487 815 524 877 15
542 840 551 874 τ
567 831 673 899 Λέγεται
692 829 771 902 ὀλίγον
787 829 951 889 ἀπολιπούσας
971 837 1017 882 τῶν
1032 831 1181 886 πεντήκοντα
1196 835 1278 905 φυγοῑν
1294 831 1375 896 δίκας,
1394 833 1458 903 μίαν

348 922 375 976 <li
394 923 534 976 τελευταίαν
553 923 577 986 ἓξ
598 927 638 982 ire
657 925 699 977 καί
724 925 874 998 ὀγδοήκοντα
891 927 1031 1000 γεγονώς...
1064 929 1188 1000 Τιααάρων
1206 927 1321 987 dimota
1341 931 1457 982 ἐνιαυτῶν

347 1034 493 1100 διολθόντών,
512 1037 622 1108 Σερουΐου
637 1037 723 1102 Γοίλβα
740 1038 903 1110 κατηγόρησαν
919 1037 1068 1093 ἐννενήκοντα
1082 1039 1188 1111 γεγονὼς
1202 1039 1253 1094 ἔτη.
1273 1028 1352 1090 Cum
1364 1027 1458 1090 Livio

346 1138 473 1202 morsus
486 1122 643 1182 consentit
658 1122 857 1186 Plutarchus.

387 1221 464 1303 Cap.
481 1223 520 1283 16
532 1247 540 1280 t
554 1239 601 1291 Τῆς
611 1230 634 1282 ‹l'
644 1233 761 1292 ίοπατείας
771 1233 873 1284 κατόπιν
888 1234 949 1283 ἔτεσι
964 1231 1026 1284 δέκα
1037 1231 1160 1304 τιμητείαν
1170 1234 1182 1282 ὁ
1192 1233 1279 1284 Κάτων
1288 1233 1453 1306 παρήγγειλε.

346 1319 424 1383 Cato
438 1321 547 1382 consul
561 1331 632 1382 erat
647 1322 722 1393 558,
746 1339 908 1386 censuram
924 1317 989 1398 egit
1006 1323 1079 1395 569,
1107 1317 1333 1402 quinquaginta
1356 1339 1457 1384 annos

346 1431 437 1482 natus
456 1419 507 1481 rel
521 1418 655 1500 quinque
679 1431 711 1480 et
724 1417 948 1500 quinquaginta
969 1439 1068 1480 annos
1086 1420 1256 1480 secundum
1273 1418 1406 1480 Livium.

389 1519 469 1580 Cum
482 1518 571 1580 Liuio
586 1539 681 1599 porro
696 1519 840 1598 congruit
854 1519 997 1582 Valerius
1010 1515 1162 1580 Maximus
1176 1539 1244 1593 rut,
1264 1521 1293 1593 l,
1322 1521 1335 1580 1
1349 1539 1357 1580 ο
1377 1517 1453 1580 Coto

347 1631 469 1676 sextum
485 1630 515 1675 et
531 1619 752 1694 octogesimum
768 1635 881 1676 annum
903 1636 1009 1696 agens,
1033 1617 1106 1674 dum
1122 1621 1155 1674 in
1168 1637 1233 1694 rep.
1251 1615 1360 1674 tuenda
1368 1610 1455 1695 juves·

347 1718 406 1776 nili
423 1719 526 1777 animo
542 1731 670 1796 perstet,
688 1717 727 1776 ab
743 1721 880 1777 inimicis
899 1719 1026 1796 capituli
1040 1720 1170 1776 crimine
1190 1729 1347 1777 accusatus
1366 1735 1454 1774 suom

347 1837 474 1877 causam
487 1823 560 1898 egit.
579 1819 766 1900 Quinetiam
785 1823 816 1877 in
837 1823 904 1897 ipso
922 1820 1091 1878 diutissime
1105 1833 1183 1877 actae
1197 1823 1272 1878 vitiu
1279 1818 1454 1898 finediser-

348 1918 464 1976 tissimi
481 1924 628 1996 oratoris,
652 1917 776 1992 Gulbce,
794 1922 985 1978 accusationi
1004 1919 1219 1998 definsionem
1232 1931 1320 1978 suum
1334 1937 1392 1995 pro
1403 1917 1455 1976 Hi·

348 2021 458 2094 spania
468 2023 620 2096 opposuit.

389 2114 546 2176 Praetoreo
566 2115 727 2177 Aurelium
742 2115 903 2178 Victorem
923 2117 971 2176 De
989 2111 1069 2176 viris
1080 2111 1127 2178 ill.
1144 2113 1197 2188 41,
1223 2113 1352 2196 quinon
1368 2125 1455 2175 econ-

347 2220 416 2270 rate
427 2230 583 2272 annorum
596 2213 669 2272 vitae
680 2229 843 2274 numerum
853 2209 993 2272 tradidit.
1010 2207 1109 2288 Magis
1124 2222 1228 2272 antem
1243 2207 1455 2274 memorabilia
1527 2271 1530 2276 .

249 2341 252 2347 ·
348 2323 420 2370 sunt
433 2310 532 2372 verbu

390 2409 531 2473 Cornelii
547 2413 675 2494 Nepotis
689 2413 761 2475 Cat.
779 2431 808 2475 c.
833 2415 852 2474 2
869 2433 877 2474 t
895 2413 1029 2472 Circiter
1043 2428 1138 2474 aranos
1149 2419 1301 2493 octoginta
1314 2415 1461 2498 usquead

349 2525 525 2569 extremam
551 2522 674 2570 oetatem
697 2511 737 2570 eb
751 2513 957 2573 adolescentia
977 2511 1156 2590 reipublicae
1182 2529 1276 2572 ceusu
1304 2517 1461 2590 suscipere

350 2611 533 2668 inimicitius
549 2627 609 2667 non
628 2610 752 2668 destitit.
770 2607 977 2690 —Equidem
993 2608 1109 2684 nescio,
1126 2619 1230 2670 utrum
1248 2610 1302 2670 hic
1327 2611 1460 2691 scriptur

350 2705 455 2766 dicere
481 2705 634 2781 voluerit,
661 2723 840 2786 perennes
865 2707 994 2767 circiter
1023 2704 1183 2785 octoginta
1204 2709 1237 2768 in
1260 2707 1328 2769 ioro
1353 2727 1457 2770 causas

281 2784 323 2855 14
351 2801 462 2862 dixisse
487 2801 655 2876 Catonern,
681 2799 726 2862 ita
750 2800 938 2883 etamplius
960 2801 1132 2882 nonaginta
1156 2819 1256 2864 annos
1285 2805 1459 2866 necessario

353 2902 481 2964 vixisset
497 2901 581 2984 (nam
594 2905 667 2965 inde
679 2923 697 2964 a
709 2901 829 2966 decimo
841 2903 939 2964 aetatis
949 2922 1031 2965 anno
1047 2916 1134 2965 certe
1150 2919 1212 2968 non
1225 2915 1460 2986 poteratpatro·

354 3021 411 3060 rins
424 2999 517 3082 esse),
547 3019 588 3061 an
613 2998 717 3082 potius
735 2997 934 3075 existimarit,
957 2999 1108 3062 Catonem
1127 3021 1222 3082 usqne
1238 3004 1277 3062 nd
1291 3014 1460 3064 extremam

354 3108 487 3168 aetatem,
505 3097 592 3176 cnjus
607 3099 775 3159 terminum
795 3117 878 3158 anno
893 3097 958 3158 iere
980 3099 1168 3176 octogesimo
1184 3096 1337 3178 attigerit,
1355 3116 1461 3161 causas

354 3191 462 3279 egisse.
490 3191 636 3254 Ceterum
658 3213 729 3255 cnm
754 3192 915 3270 sentirem,
934 3197 1017 3256 hanc
1041 3197 1148 3258 Vitem
1175 3193 1314 3257 Cornelii
1334 3197 1462 3280 Nepotis

355 3293 493 3354 oninium
512 3290 645 3356 maxime
660 3296 816 3359 historicis
837 3297 1004 3359 virtutibus
1033 3318 1155 3372 cerere,
1184 3298 1354 3378 impetrare
1378 3319 1461 3360 arne

357 3414 420 3458 uon
434 3391 531 3476 potui,
549 3416 609 3476 quo
624 3394 725 3460 minus
739 3400 926 3461 sententiam
942 3419 1042 3461 meam
1054 3403 1163 3462 dehoc
1175 3412 1304 3462 auctore
1323 3401 1462 3462 breviter

355 3511 556 3574 exponerem.
577 3495 632 3554 Hae
657 3491 738 3558 vite
757 3493 901 3578 (excepta
919 3497 991 3557 Vita
1010 3494 1117 3580 Attici)
1139 3495 1287 3558 Cornelio
1313 3495 1462 3559 historico

356 3615 484 3675 prorsus
497 3610 570 3658 sunt
583 3595 731 3676 indignae.
758 3598 800 3666 Is,
819 3594 873 3676 qui
889 3615 941 3658 ens
956 3599 1091 3679 scripsit,
1114 3597 1324 3659 homobonus
1340 3599 1461 3679 quidem

358 3707 389 3754 et
411 3697 549 3775 prudens
574 3709 632 3771 est,
652 3697 706 3756 sed
727 3692 887 3773 ingenium
902 3709 992 3777 atquc
1007 3697 1126 3758 indoles
1151 3695 1294 3758 historici
1307 3699 1336 3758 ei
1351 3697 1455 3760 sleluit.

359 3792 459 3869 Atque
471 3789 504 3852 in
518 3811 608 3854 usum
620 3793 796 3854 scholarum
810 3812 828 3852 a
843 3791 1055 3872 ludimagistro
1078 3794 1210 3874 quodam
1224 3796 1364 3857 Romano
1380 3809 1459 3858 cotn-

358 3885 474 3966 positns
491 3911 555 3951 esse
580 3888 779 3952 crediderim.
802 3887 912 3952 Eidem
937 3911 1032 3973 porro
1056 3893 1177 3963 saeculo,
1200 3893 1234 3954 in
1261 3913 1321 3974 quo
1342 3891 1464 3953 Aurelii

328 4061 332 4067 ¹
360 3986 498 4048 Victoris
512 3988 587 4050 Viri
603 3988 735 4048 illustres
747 3994 779 4049 et
797 3987 948 4064 Caesares,
968 3987 1126 4068 originem
1143 4009 1313 4073 sumpsere,
1331 4009 1385 4050 eas
1397 3987 1462 4050 uin·

359 4086 441 4148 dico.
461 4089 655 4170 Quamquam
669 4101 701 4150 et
715 4088 841 4150 Aurelii
865 4090 1002 4173 Victoris
1014 4091 1089 4154 Viri
1108 4092 1240 4152 illustres
1250 4105 1283 4154 ct
1300 4090 1460 4161 Caesares,

360 4185 413 4265 qui
427 4184 482 4244 sub
497 4183 631 4265 ejusdem
647 4183 773 4248 nomine
787 4186 941 4262 seruntur,
960 4207 1022 4250 iton
1043 4187 1081 4250 ab
1097 4191 1205 4251 eodem
1220 4191 1373 4270 scriptore
1395 4205 1462 4270 pro·
