3288 5344
899 472 943 546 64

371 605 519 666 mentulis
532 606 803 688 relinquerentur,
819 601 976 690 progressi
994 615 1097 671 autem
1108 609 1281 672 honoribus
1293 602 1390 690 magis
1399 623 1471 689 gra·¹

370 699 440 764 tiosi
456 723 547 784 quam
562 702 721 766 terribiles
740 725 808 768 esse
821 707 948 767 vellent.
971 705 1067 783 nont„
1078 709 1116 769 de
1130 705 1358 770 adolescentum
1382 722 1469 771 accu-

370 799 542 862 sationibus
551 801 664 864 Pollet.
677 803 700 863 l.
713 823 743 864 c.
756 804 799 876 II,
813 806 845 865 6.
853 801 908 866 Sic
919 803 1046 865 ambitio
1058 804 1251 866 defensorum
1261 820 1331 866 cunt
1341 804 1469 867 levitate

367 897 505 979 judicum
520 917 601 980 saepe
622 899 779 960 venalium
794 899 960 973 consensit,
985 913 1020 960 ut
1032 901 1080 962 r'ei
1092 901 1144 962 rel
1157 901 1290 962 maxime
1307 900 1391 962 noxii
1408 901 1469 963 exi-

306 989 309 995 ’
369 1009 540 1059 merentur.
553 998 591 1058 V.
606 993 739 1060 Coelium
751 997 791 1058 ad
804 997 871 1060 Cic.
889 997 922 1059 in
936 999 1015 1079 Epp.
1031 999 1071 1059 ad
1086 995 1172 1061 divv.
1188 999 1276 1072 VIII,
1294 997 1326 1073 2,
1345 997 1465 1060 uallatis

370 1093 389 1154 4
404 1107 436 1154 et
450 1095 481 1154 6.

411 1193 478 1252 Hoc
494 1209 642 1270 perverso
656 1211 742 1252 more
757 1192 884 1266 lactum,
905 1203 941 1252 ut
961 1191 1112 1271 frigerent
1126 1204 1334 1266 accusatores,
1361 1179 1467 1272 paucis

370 1307 471 1369 neque
486 1282 642 1348 nobilibus
656 1289 773 1350 adhoc
788 1308 900 1350 munus
911 1285 1184 1360 descendentibus3
1199 1299 1231 1349 et
1245 1300 1279 1348 ut
1293 1287 1468 1375 exultarent

369 1381 542 1468 potentium
558 1383 688 1444 audacia
700 1384 795 1446 noxii.
810 1386 887 1447 Inde
902 1382 1005 1464 gratia
1019 1385 1143 1465 quidem
1155 1383 1467 1465 deleudeudopoteu·

368 1485 446 1563 uum
470 1482 622 1554 inibatur,
643 1481 697 1542 sed
716 1500 786 1542 cum
799 1481 919 1546 oflensa
938 1483 1054 1566 populi,
1081 1483 1340 1568 pleraque-reeta
1354 1481 1467 1544 etsine
1568 1563 1571 1566 ῃ

368 1581 482 1662 injusto
495 1575 597 1642 studio
605 1576 784 1657 judicantis.
800 1581 876 1640 Inde
887 1579 1063 1642 exsibilatus
1083 1575 1278 1654 Hortensius,
1293 1599 1363 1640 cum
1380 1589 1467 1640 reum

368 1681 536 1756 manifesto,
552 1689 671 1740 sontem
696 1678 876 1753 exemisset3
892 1679 965 1742 inde
981 1700 1000 1741 a
1018 1679 1165 1744 Iuventio
1181 1675 1343 1742 Laterensi
1364 1677 1467 1742 eoum·

368 1778 451 1857 cium
465 1773 583 1840 Cicero·
592 1772 721 1847 audivit,
748 1777 831 1855 quod
842 1775 935 1838 nimis
951 1775 1114 1840 ambitiose
1129 1777 1240 1840 multos
1268 1775 1465 1848 defenderet,

365 1891 400 1952 et
419 1878 523 1957 dedita
541 1895 636 1956 opera
655 1860 844 1939 miserabiles
870 1895 927 1958 pro
947 1877 1086 1940 sontibus
1099 1879 1313 1960 perorationes
1338 1875 1464 1938 lacera.

368 1977 422 2046 Sic
440 1978 585 2052 invaluit,
601 1989 635 2037 ut
649 1977 767 2040 homini
782 1977 909 2040 honesto
926 1979 959 2040 in
968 1977 1095 2062 judiciis
1106 1979 1211 2040 omnia
1224 1979 1370 2053 licerent,
1386 1975 1467 2039 lacta

363 2081 483 2148 inlecta
498 2077 603 2140 verbis
620 2078 762 2152 reddere,
780 2078 957 2160 probabilia
981 2079 1064 2140 nullo
1079 2066 1203 2159 negotio
1223 2075 1369 2158 rejicere,
1385 2084 1468 2140 ¹re'ra

368 2177 454 2243 falsis
472 2179 619 2252 obruere,
644 2190 678 2236 ut
703 2175 936 2260 quamplurimi
957 2180 1093 2240 oratoris
1111 2197 1326 2260 operapoente
1344 2177 1465 2238 subtra-

366 2278 538 2348 herentur;
563 2274 644 2355 quod
665 2271 741 2352 justi
764 2285 796 2336 et
818 2273 912 2358 probi
932 2271 996 2336 riri
1006 2274 1174 2356 judicare,
1203 2285 1310 2336 nostro
1328 2285 1467 2354 tempore

367 2393 457 2446 nemo
472 2368 564 2444 ausit,
581 2389 757 2450 quanquam
772 2390 834 2434 non
850 2372 941 2433 modo
954 2371 1098 2432 Ciceroni
1107 2369 1410 2454 ethuiutiliauoIII,
1436 2371 1465 2443 l,

368 2471 419 2550 74,
434 2471 491 2546 sed
506 2468 600 2528 etiam
614 2466 717 2528 Stoico
736 2469 875 2530 Panaetto
890 2489 942 2551 ap.
955 2469 1012 2532 Cio
1025 2468 1073 2530 De
1088 2467 1169 2529 ollio.
1192 2467 1311 2542 11,·14,
1335 2462 1462 2550 placuitss

366 2569 432 2645 Nee
446 2578 551 2642 tamen
569 2566 739 2638 Varenum,
755 2564 935 2639 Gabinium,
961 2565 1123 2636 Scaurum,
1144 2583 1220 2644 quos
1240 2563 1402 2629 ambitiose
1415 2563 1466 2626 ds·

365 2668 474 2742 lendit,
487 2686 529 2728 ex
543 2662 798 2728 manilestissirnis
815 2662 1000 2728 criminibus
1018 2667 1140 2748 eripere
1161 2663 1274 2748 potuit.
1291 2665 1339 2729 Cl.
1357 2665 1462 2728 Valer.

366 2771 448 2830 Max.
463 2767 551 2839 VIII,
577 2767 606 2842 1,
626 2766 682 2840 103
699 2763 834 2849 Quintil.
850 2768 906 2843 IV,
925 2767 958 2842 1,
977 2770 1036 2840 693
1063 2767 1138 2842 Vll,
1155 2767 1186 2838 2,
1205 2768 1268 2829 86:
1280 2763 1468 2830 Violentiam

364 2868 584 2944 aduocatorum
608 2877 640 2926 et
655 2848 856 2945 patronorum
874 2863 1012 2945 ejusdem
1026 2863 1138 2926 Scauri
1152 2882 1244 2924 causa
1266 2862 1422 2944 ostendit(
1435 2880 1466 2924 r.

364 2971 478 3044 Asson.
492 2964 526 3028 in
535 2966 646 3029 Scaur.
660 2985 692 3046 p.
705 2965 744 3028 28
758 2967 865 3046 sq.ed.
877 2965 999 3048 Orell.),
1013 2960 1332 3028 utnotissimaVerris
1342 2961 1467 3037 auxilia,

364 3069 590 3140 Hortensium,
613 3067 763 3140 Metellos,
794 3065 954 3146 Scipiones
976 3077 1170 3146 praeteream.
1198 3064 1343 3128 Ceterum
1356 3075 1468 3126 orato·

364 3170 461 3242 ribus,
475 3167 586 3246 quibus
595 3163 681 3239 olim,
696 3176 845 3244 quantum
860 3166 965 3228 dicere
973 3165 1099 3236 vellent,
1111 3165 1239 3240 licebat,
1256 3162 1467 3247 primum'lege

364 3267 512 3349 Pompeia
530 3265 637 3326 modus
657 3263 830 3344 praefinitus
841 3277 888 3327 est
902 3261 989 3347 (Cic.
1005 3267 1094 3327 Brut.
1108 3285 1137 3326 c.
1149 3265 1203 3341 ¹94,
1216 3278 1249 3328 et
1259 3285 1360 3346 saepe3
1381 3265 1464 3326 Dial.

364 3367 403 3426 de
421 3376 513 3429 oratt·
537 3371 575 3424 cs
588 3361 658 3448 38).
678 3359 815 3436 Invaluit
836 3363 930 3424 etiam
948 3360 1076 3426 vitiosus
1098 3381 1174 3436 mos,
1200 3375 1234 3424 ut
1256 3357 1464 3445 pluribusipa·

362 3457 466 3524 tronis
479 3479 578 3522 causae
599 3457 911 3533 administrarentur3
932 3479 1032 3540 neque
1053 3458 1137 3522 binis
1151 3461 1261 3536 solum,
1285 3461 1341 3522 se'd
1355 3460 1463 3534 ternis,

361 3562 414 3646 yel
428 3561 512 3635 senis
529 3559 574 3622 rei
589 3559 704 3622 dolensi
720 3570 808 3633 sunt3
830 3571 920 3621 causa
936 3562 985 3622 vel
1002 3561 1052 3622 ita-
1064 3559 1192 3642 partita,
1209 3561 1335 3622 utalter
1347 3559 1464 3642 exposi-

360 3660 490 3734 tionem,
517 3655 785 3721 confirmationem
807 3671 840 3718 et
862 3655 1192 3738 perorationemalter
1212 3659 1400 3742 susciperet,
1413 3657 1465 3718 rel

364 3772 528 3841 utrumqne
542 3777 653 3820 munus
675 3757 761 3838 quasi
774 3757 931 3836 integrum
949 3755 1078 3837 singuiis
1102 3763 1292 3820 servaretur.
1311 3757 1365 3822 sic
1377 3754 1466 3820 coetti

363 3876 456 3918 eausa
476 3869 589 3938 praeter
607 3855 702 3948 ipsius
718 3873 879 3936 operama
900 3853 1052 3917 Cicerone
1068 3865 1101 3914 et
1121 3851 1287 3917 Hortensio
1306 3861 1396 3928 acta,
1416 3853 1466 3914 sic

364 3951 467 4024 Balbi,
484 3965 516 4012 et
526 3953 639 4023 Sextii,
655 3965 687 4014 et
697 3949 801 4014 Flacci
817 3963 849 4014 et
861 3952 1013 4026 Murenae,
1030 3952 1092 4012 imo
1110 3970 1164 4012 sex
1177 3949 1318 4032 patronis
1334 3952 1468 4014 Scaurus

366 4051 519 4122 defensus,
529 4046 693 4124 Cicerone,
702 4049 842 4123 Messala,
855 4051 1031 4122 Hortensio,
1040 4049 1171 4124 Calidio,
1180 4047 1300 4126 Clodio,
1309 4049 1465 4137 Marcello,

364 4166 399 4213 ut
415 4149 792 4231 Asconiusinargumeuto
805 4170 903 4212 causae
913 4171 944 4232 p.
957 4151 997 4212 20
1007 4150 1114 4214 refert.
1123 4151 1206 4227 Post,
1221 4151 1400 4232 antelegem
1415 4152 1468 4212 Iu·

357 4253 437 4317 liam
448 4255 487 4316 ad
494 4253 649 4316 duodenos
657 4265 840 4335 perventum
847 4271 924 4330 esse,
931 4253 1012 4316 idem
1022 4253 1173 4316 Asconius
1182 4250 1451 4337 auctorestfibid.)
