3200 5344
884 438 954 510 266

349 580 481 656 Jbrtuna'
490 575 823 651 darenturhomrhibm,
834 581 866 636 iu
877 581 917 639 iis
926 577 1014 638 rebus
1027 597 1060 636 se
1070 581 1157 636 vitici
1163 596 1256 656 pesse
1268 597 1357 662 reque
1365 583 1468 641 anime

360 683 448 758 pati;
463 681 610 768 qum-ipsi
628 677 690 738 sibi
700 676 838 738 hemines
848 697 964 756 parare
974 692 1112 774 possem,
1128 681 1159 736 ia
1175 681 1216 738 iis
1229 677 1320 738 rebus
1334 699 1369 738 re
1382 685 1465 739 vinci

354 782 424 856 pati
436 799 496 837 uon
506 799 610 856 posse.

398 877 527 940 Sueten.
545 879 629 940 Nero
646 899 675 940 c.
697 877 735 938 2:
759 879 797 938 ln
817 877 875 940 Cn.
895 876 1064 938 Domitium
1085 874 1165 938 dixit
1186 874 1325 940 Licinius
1341 877 1467 939 Crassus

356 991 474 1050 orator,
488 975 635 1038 Necesse
648 979 926 1062 mirandum,quod
938 998 1058 1038 terreum
1075 977 1203 1036 barbam
1218 976 1353 1054 haberet,
1367 982 1420 1036 cui
1433 999 1467 1040 os

345 1077 501 1154 fi’rreum,
515 1095 572 1134 cor
580 1073 758 1154 plumbeum
772 1089 862 1136 esset.

315 1271 325 1288 .
390 1256 490 1291 teneam
500 1239 622 1304 barbam]
631 1239 681 1291 Cu.
692 1237 962 1309 Βοιιιίιίοἶοοςιιοηιεῐι
970 1249 1027 1289 erat
1034 1235 1239 1290 Ahenobarbus.

301 1442 306 1451 .
397 1383 465 1447 Cic.
478 1385 526 1447 De
537 1397 618 1446 orat.
627 1385 671 1454 11,
682 1385 735 1456 59,
745 1381 824 1444 2422
838 1383 925 1444 ldem
937 1380 1156 1445 Crassus:Pcr
1167 1395 1251 1440 tuem
1262 1379 1459 1451 nobilitatem,

350 1501 410 1558 per
421 1481 739 1561 vestramfitmiliem,
747 1500 805 1559 per
816 1493 883 1539 tuas
894 1493 1008 1539 statuas
1016 1477 1030 1538 d

364 1682 367 1686 -
391 1643 514 1712 oraim]
524 1646 553 1697 iu
564 1643 683 1696 eratione
692 1655 784 1696 contra
793 1643 951 1705 Domitium,
962 1654 993 1696 ut
1001 1642 1144 1696 Turnebus
1154 1641 1305 1714 suspicatus
1314 1654 1365 1694 est.

715 1849 747 1912 l.
770 1867 878 1938 conc1o
893 1869 924 1915 tn
938 1869 1095 1914 usuuruu.

394 2040 532 2120 Ellendt.
543 2055 750 2118 dissuasorem
764 2052 842 2133 legis
855 2048 996 2118 servilia
1008 2052 1146 2136 appellat
1159 2053 1348 2116 Memmium.
1365 2054 1412 2116 De
1421 2052 1457 2117 C.

322 2139 326 2167 ³
350 2153 507 2225 Memmio,
517 2149 721 2215 acerbissimo
733 2149 906 2212 nobilitatis
917 2149 1108 2224 adversario,
1120 2169 1215 2232 supra
1227 2148 1375 2213 diximus.

310 2301 312 2304 -
392 2251 462 2316 Cic.
473 2255 520 2314 De
531 2263 611 2314 orat.
625 2253 668 2325 ll,
682 2251 734 2326 66,
747 2251 827 2312 267:
845 2249 974 2311 Crassus
988 2248 1022 2311 in
1037 2249 1206 2312 concione:
1219 2253 1269 2310 Ita
1281 2249 1343 2309 sibi
1356 2253 1456 2328 ipsum

350 2368 497 2429 maguum
510 2347 616 2406 videri
628 2347 831 2416 Memmium,
843 2360 874 2404 ut
887 2349 918 2405 in
923 2349 1038 2426 sorum
1049 2346 1235 2406 descendens
1246 2360 1337 2426 ceput
1346 2348 1459 2427 adfor-

349 2449 450 2504 nicem
461 2443 556 2506 Fabii
568 2445 748 2503 demitteret.

392 2545 441 2608 Ih.
459 2547 504 2620 ll,
523 2547 575 2622 59,
593 2523 674 2608 24οι
691 2546 761 2606 Duo
780 2556 852 2606 sunt
870 2543 965 2604 etiam
980 2563 1096 2622 genere
1110 2509 1309 2618 facetiarum,
1327 2565 1455 2628 querum

245 2649 246 2652 ’
348 2648 481 2710 alterum
492 2667 528 2709 re
537 2658 703 2718 tractatur,
715 2646 849 2708 alterum
861 2645 954 2708 dicto.
967 2647 1025 2718 Re,
1038 2643 1197 2726 siquando
1220 2639 1294 2728 quid
1307 2660 1454 2730 tanquam

348 2748 449 2830 eliqua
464 2749 579 2812 labella
594 2759 754 2821 narratur,
772 2759 806 2808 ut
820 2748 895 2810 olim
910 2760 955 2822 tu,
968 2745 1094 2824 Crasse,
1111 2747 1144 2809 in
1160 2750 1338 2811 Memmium
1352 2771 1453 2810 come·

346 2849 428 2908 disse
440 2869 511 2908 eum
526 2847 672 2908 lacertum
683 2847 806 2926 Largii,
819 2865 889 2908 cum
905 2859 985 2908 essct
1000 2865 1070 2908 cum
1085 2865 1122 2906 eo
1132 2846 1313 2910 Tarraciuae
1328 2837 1367 2910 de
1383 2848 1456 2910 ami·

346 2945 417 3008 cula
430 2942 561 3006 rixatus.
578 2942 667 3008 Salsa
681 2963 719 3006 ac
731 2956 837 3006 tamen
852 2962 871 3004 a
886 2956 916 3004 te
930 2941 998 3024 ipso
1014 2939 1087 3003 licta
1103 2954 1168 3005 tota
1183 2945 1348 3018 narratio.
1361 2943 1453 3006 Addi-

345 3043 419 3104 disti
439 3041 618 3112 clausulam,
635 3053 701 3102 teta
714 3041 888 3104 Tarracina
907 3051 974 3102 tum
989 3038 1133 3102 omnihus
1152 3036 1187 3102 in
1207 3037 1388 3124 parietibus
1406 3038 1451 3102 iu·

345 3133 479 3221 scriptas
493 3137 707 3220 inisse-literas
735 3137 888 3198 LLLMM.
913 3138 990 3200 Cum
1015 3158 1183 3222 quaereres,
1206 3137 1237 3200 id
1257 3139 1332 3220 quid
1352 3151 1447 3213 esset,

345 3260 452 3302 senem
467 3236 526 3300 tibi
541 3239 702 3319 quemdam
715 3237 905 3322 oppidanum
916 3235 1029 3302 dixisse
1039 3241 1183 3302 :Lacerm
1193 3241 1345 3302 lacertum
1356 3241 1451 3320 Largi

346 3339 479 3398 mordax
492 3336 655 3396 Memmius
663 3333 677 3394 i
683 3391 684 3396 ,

249 3530 316 3603 152
590 3555 622 3616 ὃν
645 3570 755 3614 ortano
769 3572 800 3614 tlt
817 3571 846 3612 1..
860 3570 1001 3614 nanctum
1015 3569 1192 3614 rutttrrtttt.

381 3768 491 3833 Oratio
511 3764 546 3828 in
566 3774 676 3826 senatu
689 3759 797 3822 habita
816 3758 963 3820 adversus
977 3757 1156 3840 Philippum
1177 3757 1336 3824 consulem
1353 3777 1383 3818 a.
1404 3759 1443 3824 U.

342 3871 415 3934 ott.
439 3872 476 3931 L.
495 3861 670 3948 Philippum
690 3873 915 3924 commemorat
934 3858 1047 3922 Cicero
1068 3859 1103 3920 in
1124 3861 1221 3922 Bruto
1244 3880 1273 3922 e.
1293 3858 1347 3936 tt,
1362 3859 1441 3922 1662

341 3972 476 4034 «Eodem
489 3980 630 4048 tempore
645 3967 686 4027 M.
700 3954 881 4023 Herennius
893 3959 926 4021 iu
934 3959 1144 4022 mediocribus
1156 3959 1333 4022 oratoribus
1348 3960 1442 4023 latine

339 4082 372 4132 et
386 4065 553 4146 diligenter
568 4061 764 4146 loquentibus
778 4071 958 4120 numeratus
973 4069 1029 4133 est,
1045 4054 1099 4138 qui
1110 4069 1214 4119 tamen
1226 4072 1345 4120 summa
1356 4056 1441 4120 uobi-

338 4171 426 4232 litete
444 4165 619 4240 hominem,
633 4155 831 4242 cognatione,
854 4158 1028 4234 sodalitate,
1049 4154 1193 4238 collegio,
1211 4178 1330 4220 summa
1347 4155 1440 4222 etiam

339 4264 525 4352 eloquentia,
538 4267 574 4329 L.
586 4261 764 4346 Philippum
776 4262 809 4324 iu
819 4260 997 4325 consulatus
1009 4259 1159 4341 petitione
1169 4261 1343 4343 superavit.
1359 4287 1374 4321 ι
