3288 5344
903 511 926 556 ll

279 693 280 696 ,
358 621 456 696 mine
475 622 539 696 sed
559 645 601 696 re
615 623 691 718 ipsa
705 622 868 720 prodiret
885 623 1026 697 auctior
1038 635 1073 698 et
1086 623 1323 699 emendatior.
1346 624 1461 698 Lucu·

357 746 473 820 lentas
506 745 641 842 aliquot
670 743 871 821 additiones
901 745 1075 821 debemus
1101 747 1225 844 juveni
1251 745 1461 821 doctissimo

355 867 493 953 Eooun,
524 891 633 964 quem
665 881 923 943 ornamentum
953 868 1041 942 olim
1072 867 1219 942 Gallioae
1251 867 1460 966 philologiae

351 991 430 1066 fore
442 990 619 1077 arbitror;
634 991 725 1066 alias
741 991 844 1090 operi
864 990 1158 1076 accuratissimo,
1174 990 1273 1088 quod
1286 991 1457 1065 omnibus

353 1113 484 1188 harum
508 1137 634 1188 rerum
659 1113 830 1188 studiosis
859 1114 1108 1212 maximopere
1139 1113 1455 1201 commendamus,

353 1235 504 1312 domun
532 1237 808 1324 Wnsrnnmnn,
846 1236 1053 1312 Gescbicbte
1082 1239 1145 1310 der
1174 1239 1459 1312 Beredtsomkeit

353 1358 390 1430 ia
410 1357 671 1432 Griecbettlood
686 1359 758 1432 aad
772 1359 875 1443 Rom,
906 1359 977 1434 vol.
996 1359 1042 1443 ll,
1064 1357 1162 1456 Lips.
1188 1361 1291 1430 1835.
1312 1356 1381 1448 Qui
1401 1358 1458 1432 vir

350 1481 581 1556 doctissimus
607 1505 720 1580 quum
746 1481 785 1556 in
815 1507 998 1557 annorum
1028 1481 1298 1580 computatione
1328 1481 1456 1558 Festos

351 1604 574 1704 Capitolinos
593 1603 728 1704 ubique
755 1619 945 1706 sequatur,
975 1604 1141 1681 eamdem
1162 1605 1200 1678 in
1221 1607 1293 1679 hoc
1312 1630 1455 1704 quoque

350 1729 446 1805 libro
465 1729 714 1816 restituimus,
736 1755 783 1806 ne
804 1731 897 1805 sorte
922 1727 1115 1803 turbentur
1134 1727 1197 1828 qui
1223 1741 1394 1826 utroque,
1419 1728 1455 1803 id

349 1853 448 1952 quod
473 1854 631 1929 maxime
660 1855 872 1940 suademus,
905 1852 1014 1927 simul
1044 1851 1157 1926 velint
1181 1852 1243 1925 nti.
1272 1851 1455 1926 Famnmor

346 1973 512 2048 Ermum
539 1973 679 2047 brevem
703 1971 892 2050 historiam
921 1969 1147 2070 eloquentior,
1174 1969 1314 2044 meritis
1340 1967 1453 2068 laudi7

345 2097 413 2171 bus
441 2095 577 2172 dudum
602 2097 840 2181 celebratam,
874 2110 913 2170 ut
939 2092 1147 2194 oportebat,
1176 2092 1216 2166 in
1241 2091 1345 2168 initio
1370 2091 1453 2164 libri

347 2219 555 2317 ponendam
580 2217 804 2301 curavimus,
828 2217 989 2313 exceptis
1009 2215 1110 2300 inde,
1139 2215 1170 2287 si
1192 2216 1271 2288 [ieri
1290 2227 1449 2311 poterat,

349 2339 394 2413 iis
408 2362 489 2436 quae
507 2338 551 2412 de
573 2335 726 2436 singulis
749 2335 974 2409 orationibus
988 2333 1217 2408 disseruntur
1235 2357 1243 2402 :
1260 2333 1340 2404 haee
1351 2332 1450 2435 enim

345 2460 421 2555 jam
434 2455 646 2554 fragmentis
660 2455 749 2554 ipsis
764 2454 901 2528 inserta
911 2451 1041 2526 melius
1055 2449 1301 2547 intelligentur
1311 2462 1347 2524 et
1356 2447 1450 2547 judi-

346 2581 534 2656 rabuntur.
556 2579 726 2654 Ceterum
745 2577 850 2654 uncis
871 2577 946 2652 iere
969 2574 1183 2650 inclusimus
1204 2597 1286 2672 quae
1306 2573 1449 2671 utrique
1484 2665 1487 2670 Ι

345 2705 448 2804 operi
477 2705 516 2777 in
540 2705 608 2778 hac
636 2703 794 2779 editione
821 2711 1076 2784 aeoesserunt,
1104 2712 1140 2773 et
1164 2712 1269 2773 notas
1289 2721 1448 2796 praeser-

346 2829 412 2904 tim
424 2829 570 2904 criticas
585 2827 760 2904 asterisco
781 2825 1024 2902 distinximus.

1097 2974 1159 3046 Fn.
1188 2973 1230 3046 D.

452 3175 568 3237 Parisiis,
592 3173 652 3224 Kal.
673 3173 738 3224 dun.
