3212 5326
894 453 958 522 114

308 587 346 655 11
375 611 443 676 sqq.
451 589 472 674 ),
486 611 545 653 nec
559 591 648 653 lande
662 589 813 653 doctrina
827 606 919 673 atque
925 591 1036 674 judicii
1050 607 1138 657 caret
1151 595 1238 660 Guil.
1254 597 1332 664 Ern.
1351 597 1476 662 Weberi

379 690 602 752 Commutatio
622 689 663 747 de
691 688 741 748 M.
767 690 873 750 Porcii
896 690 1017 752 cuono
1040 691 1177 753 Censon'i
1194 692 1272 756 Vita
1286 695 1477 758 et'Morihus

376 792 515 877 (Bremae
534 789 645 866 1831),
663 809 754 872 quam
773 791 822 852 bis
834 792 910 874 ipsis
924 791 1032 854 dicbus
1050 791 1169 875 accepi,
1186 808 1348 877 postquam
1362 796 1476 860 b'brnm

371 911 472 954 meum
481 887 544 969 jam
561 889 767 952 absolveram.

411 987 535 1050 Derita
544 984 748 1051 Catonianon
759 988 886 1050 omnino
901 987 1100 1050 consentiunt
1114 990 1293 1071 scriptores.
1309 991 1378 1072 Quo
1392 1009 1475 1052 anno

366 1086 408 1148 sit
422 1098 572 1162 mortuns,
586 1085 670 1147 inter
684 1101 791 1146 omnes
802 1087 959 1161 convenit,
975 1086 1031 1147 sed
1043 1105 1104 1167 quo
1115 1087 1155 1148 sit
1166 1099 1279 1160 natus,
1293 1087 1328 1147 iu
1342 1105 1378 1147 eo
1387 1085 1474 1148 disie-

367 1200 444 1248 runt
454 1187 567 1251 Cicero
583 1199 616 1248 et
625 1183 731 1248 Livius
746 1187 831 1247 inter
845 1207 890 1248 se.
901 1184 1007 1250 Ceteri
1019 1200 1121 1250 autern
1132 1200 1275 1250 auctores
1286 1201 1340 1248 ant
1353 1187 1473 1250 Livium

367 1299 420 1348 aut
434 1284 619 1348 Ciceronem
644 1297 716 1346 sunt
736 1285 847 1347 secuti.
863 1285 1034 1366 Utramque
1055 1287 1197 1368 equidem
1218 1282 1398 1369 opinionem
1412 1287 1473 1348 col·

366 1387 440 1449 latis
452 1383 639 1448 testimoniis
653 1386 803 1468 aperiam.

408 1484 488 1549 Cato
512 1480 590 1544 dicit
613 1483 647 1544 in
666 1479 828 1545 Ciceronis
846 1483 964 1544 Catone
985 1497 1017 1544 o.
1043 1482 1075 1555 4,
1102 1484 1141 1544 10
1156 1503 1165 1542 t
1182 1484 1276 1543 Anno
1301 1487 1385 1542 enim
1404 1497 1474 1560 post

366 1583 729 1662 consulprimumfiierat
743 1585 784 1665 Q.
801 1583 915 1645 Fabius
929 1585 1103 1655 Maximus,
1117 1605 1209 1668 quam
1220 1605 1279 1664 ego
1289 1598 1470 1654 natussum,

366 1700 493 1764 cumque
506 1701 543 1739 eo
557 1694 698 1764 quartum
712 1680 834 1739 consule
852 1679 1089 1741 adolescentulam
1115 1681 1205 1740 miles
1224 1683 1380 1760 profectus
1403 1701 1471 1740 sum

364 1764 410 1840 ad
422 1781 560 1860 Capuam
581 1785 742 1865 quintoque
762 1800 844 1841 anno
867 1795 938 1858 post
951 1782 995 1839 ad
1017 1781 1193 1842 Tarentum.
1211 1781 1325 1843 Fabius
1338 1781 1471 1864 primum

364 1882 471 1946 consul
485 1879 544 1942 init
556 1902 639 1944 anno
654 1885 696 1948 U.
726 1882 798 1957 520,
821 1880 899 1944 Cato
913 1880 1009 1960 igitur
1023 1896 1115 1944 natus
1133 1901 1216 1944 anno
1232 1883 1292 1946 519
1308 1885 1345 1945 L.
1364 1883 1471 1944 Postu·

363 1981 427 2044 mio
452 1979 580 2054 Albino,
603 1980 658 2062 Sp.
686 1977 825 2042 Carvilio
854 1979 990 2043 Maximo
1011 1980 1096 2044 Coss.
1127 1979 1204 2044 Cum
1224 1981 1336 2042 deinde
1358 1981 1472 2041 Fabius

361 2091 508 2162 quartum
523 2089 593 2139 erat
607 2077 714 2139 consul
729 2097 812 2139 anno
835 2078 909 2146 539,
934 2074 1047 2155 viginti
1061 2098 1161 2140 annos
1176 2090 1267 2140 natus
1281 2089 1350 2140 erat
1365 2075 1465 2140 Cato:

362 2180 471 2264 quinto
489 2197 573 2241 anno
594 2191 664 2260 post
689 2179 729 2239 ad
749 2179 920 2240 Tarentum
943 2179 1032 2240 venit
1046 2199 1076 2240 a.
1094 2177 1173 2254 544,
1197 2178 1310 2258 viginti
1334 2175 1468 2259 quinque

363 2299 462 2343 annos
476 2289 583 2340 natus:
603 2287 738 2356 quaestor
751 2274 851 2336 iactus
870 2276 1076 2356 quadriennio
1090 2289 1159 2358 post
1171 2295 1255 2338 anno
1271 2275 1345 2349 548,
1372 2275 1466 2355 magi·

362 2389 495 2440 stratum
506 2393 583 2436 vero
594 2369 666 2432 iniit
681 2391 764 2433 anno
780 2370 841 2434 549
853 2373 1007 2436 Tuditano
1022 2385 1054 2434 et
1067 2373 1203 2452 Cethego
1219 2373 1320 2446 Coss„
1337 2374 1466 2452 triginta
1583 2449 1584 2452 Ἴ

360 2494 464 2537 annos
478 2484 580 2534 natus.
1583 2481 1584 2496 ¹

404 2575 481 2638 Caio
495 2569 573 2633 di'cit
590 2570 635 2633 ibi
651 2589 721 2652 cap.
740 2572 772 2645 5,
791 2568 829 2630 14
846 2590 854 2628 t
870 2567 987 2627 Enm'us
998 2568 1148 2646 Caspiana
1160 2583 1190 2628 et
1203 2567 1345 2648 Philippo
1357 2574 1465 2628 tunam

361 2670 537 2735 consulibus
551 2686 687 2732 mortuus
697 2683 754 2739 est,
770 2689 840 2728 cum
851 2689 909 2748 ega
922 2669 1043 2752 quidem
1060 2673 1223 2748 sexaginta
1234 2673 1362 2754 quinque
1372 2689 1464 2730 annos

360 2791 449 2836 natus
460 2776 561 2854 legem
574 2774 750 2832 Voconiam
769 2789 846 2830 voce
858 2789 974 2852 magna
987 2783 1017 2828 et
1035 2767 1120 2830 bonis
1133 2768 1277 2830 lateribus
1287 2773 1462 2830 suasissem.
1580 2847 1581 2858 ἶ

360 2875 398 2936 ld
413 2875 452 2935 ad
465 2892 582 2934 annum
597 2867 658 2933 584
669 2863 818 2950 pertinet.

402 2970 470 3034 Cic.
487 2971 576 3030 Brut.
596 2987 625 3029 c.
645 2965 683 3027 16
699 2985 707 3024 t
725 2965 810 3024 Hunc
829 2961 995 3042 Cethegum
1010 2975 1185 3022 consecutus
1198 2977 1245 3022 est
1266 2978 1357 3024 tutata
1374 2963 1462 3032 Catu,

359 3077 412 3159 qui
424 3076 516 3130 annis
529 3089 636 3129 novem
654 3081 723 3145 post
736 3086 807 3124 eum
817 3067 878 3140 ficit
892 3063 1005 3124 consul.
1024 3063 1177 3142 Cethegus
1192 3066 1301 3126 consul
1314 3065 1373 3126 fuit
1383 3083 1462 3127 anuo

361 3173 436 3252 549,
452 3172 550 3251 igitur
562 3169 639 3232 Cato
655 3189 685 3229 a.
703 3169 776 3242 558,
795 3166 925 3244 triginta
939 3185 1051 3228 novem
1065 3185 1163 3227 annos
1177 3177 1281 3228 natus.
1576 3247 1577 3250 Ἴ

404 3270 482 3333 Cato
496 3268 573 3329 dicit
591 3266 625 3326 in
646 3261 714 3326 Cic.
733 3263 851 3326 Catone
866 3283 896 3325 c.
922 3261 987 3323 to:
1014 3263 1223 3343 Quadriennio
1241 3278 1312 3340 post
1331 3262 1464 3324 consula·

358 3386 424 3430 tum
444 3367 583 3427 tribunus
600 3363 750 3422 militaris
764 3363 935 3440 depugnari
947 3361 1030 3438 apud
1045 3357 1269 3439 Thermopylas
1284 3359 1343 3419 Μ’.
1361 3359 1462 3419 Acilio
1575 3347 1576 3350 ¹

358 3465 530 3530 Glabrione
545 3461 680 3523 consule.
696 3459 763 3520 Hoc
782 3459 818 3520 in
831 3477 947 3520 annum
970 3457 1031 3520 562
1047 3457 1143 3529 cadit,
1171 3468 1319 3526 cumtres
1339 3469 1373 3518 et
1390 3476 1462 3539 qua·

358 3565 504 3644 draginta
518 3579 616 3622 annos
628 3568 720 3619 natus
732 3565 813 3616 erat.

402 3660 470 3721 Cic.
495 3659 583 3718 Brut.
609 3673 638 3716 c.
668 3651 730 3714 16:
758 3649 832 3709 Cato
845 3647 883 3705 L.
904 3649 1028 3708 Marcio
1050 3646 1111 3706 Μ’.
1134 3647 1271 3708 Manilio
1290 3647 1460 3708 concidibus

359 3770 495 3822 niortuus
505 3773 562 3818 est.
581 3759 664 3834 Ergo
679 3771 763 3812 enno
775 3749 849 3823 604,
865 3763 954 3812 natus
964 3769 1062 3811 annos
1081 3748 1135 3812 85.

290 3868 332 3940 12
386 3848 513 3926 Vellei.
530 3860 559 3930 1,
577 3855 615 3917 13
630 3879 639 3914 ε
657 3854 742 3913 Ante
753 3855 938 3922 triennium,
959 3872 1052 3936 quam
1070 3848 1221 3932 Carthago
1235 3851 1394 3920 deleretur,
1410 3847 1458 3908 M.

360 3963 446 4032 Cato,
459 3970 624 4038 perpetuus
636 3951 794 4012 dinoendae
807 3945 875 4031 ejus
888 3966 1004 4020 auctor,
1019 3950 1058 4012 L.
1075 3949 1256 4031 Censorino,
1273 3951 1321 4014 M.
1339 3947 1459 4010 Manlio

358 4060 447 4121 Coss.
467 4067 599 4114 mortem
619 4049 706 4111 obiit.

393 4196 433 4248 Μ.
453 4187 567 4254 Manlio]
585 4183 769 4258 corrigendum
783 4201 815 4235 ex
827 4182 954 4235 Cicerone
971 4185 1022 4238 Μ’.
1037 4183 1155 4237 Manilio.
1178 4185 1208 4237 ln
1231 4183 1388 4239 Ruhnkenii
1401 4179 1456 4237 edi·

430 4277 501 4331 tione
515 4289 588 4326 error
598 4268 718 4324 nonduin
730 4279 771 4322 est
780 4277 923 4320 correctus.
