3212 5326
678 395 740 466 tlt

152 535 278 598 suadeat
289 555 349 596 non
359 540 427 600 stne
437 535 671 600 nasamonas.
679 529 766 622 [Post
776 536 874 600 verba
886 557 924 596 ea
934 557 1002 628 quaa
1012 505 1258 622 auam'qmdau

152 637 277 711 desunt,
288 633 357 699 sinc
369 638 482 709 lacuna
492 649 597 700 tamen
610 636 644 702 in
656 635 794 728 ecdico]

195 734 305 794 Festus
321 757 329 792 a
361 733 596 793 Percunctatam
607 734 840 814 patrisfamilias¹
859 753 982 808 nomen,
1002 754 1041 793 ne
1057 740 1123 818 quis
1141 759 1258 800 servum

151 833 297 907 mitteret,
310 830 379 910 lega
391 831 652 910 sanctamfuisse,
663 827 712 896 ait
721 830 801 894 Cato
815 828 849 892 in
863 850 914 905 ea,
927 850 989 911 qua
1000 831 1103 910 legem
1112 833 1260 897 Orchiam

151 927 322 992 dissuadet.

187 1083 299 1148 servum]
315 1078 468 1133 Notandum
481 1091 536 1143 est,
557 1079 729 1136 inhonestum
749 1092 774 1134 et
796 1079 951 1136 indecorum
969 1080 1054 1134 fuisse
1071 1080 1144 1152 apud
1159 1080 1262 1151 priscos

223 1165 287 1220 illos
306 1167 449 1230 Romanos,
470 1184 576 1218 serrum
595 1165 699 1220 mittere
719 1178 922 1240 percunctatum
941 1167 1131 1240 patrisfamiliae
1149 1184 1260 1229 namen,

224 1257 304 1317 quenl
313 1267 411 1300 morem
418 1267 452 1301 ex
460 1247 575 1301 heroicis
588 1247 752 1322 temporibus
764 1265 884 1304 manasse
891 1249 949 1301 veri
957 1247 1044 1306 simile
1053 1262 1104 1306 est.
1121 1247 1260 1301 Darerias.

184 1387 372 1568 ‚pleplcrohius
391 1390 519 1458 Satura.
542 1392 586 1464 ll,
610 1391 669 1454 tar
690 1390 769 1468 Cato
792 1388 1000 1474 sumptuarias
1022 1392 1107 1472 leges
1127 1391 1263 1451 cibarias

150 1506 191 1569 ap
256 1499 300 1552 aa.

343 1651 395 1712 35.
420 1671 543 1727 onarro,
561 1673 600 1714 nn
615 1673 682 1714 usur
698 1673 818 1716 oncnrn
832 1673 1065 1716 nunouannrun.

192 1818 421 1894 Argumentum
435 1829 506 1898 pete
521 1835 561 1878 ex
574 1815 786 1878 antecedenti.
808 1815 900 1892 Cato,
917 1835 988 1877 cum
1001 1815 1053 1878 lex
1066 1813 1185 1880 Orchia
1197 1815 1261 1878 lata

148 1923 242 1987 esset,
255 1929 326 1972 eam
341 1908 499 1986 dissuasit,
511 1913 583 1992 quia
595 1913 750 1974 luxuriam
766 1931 830 1974 uon
845 1932 975 1994 prorsus
988 1913 1179 1994 expelleretr
1193 1930 1261 1994 per·

147 2010 246 2070 lutum
256 2026 333 2070 sero
345 2021 453 2092 postea
464 2009 612 2084 defendit,
625 2029 695 2072 cum
710 2005 774 2070 alia
787 2009 849 2085 lex,
863 2029 930 2091 quae
943 2007 1038 2074 etiam
1052 2009 1148 2071 multo
1159 2010 1262 2072 minus

147 2106 257 2166 luxum
271 2101 493 2186 restringebat,
510 2118 750 2187 proponeretur.
774 2103 885 2169 Maluit
898 2107 983 2169 anim
996 2105 1079 2168 tueri
1094 2125 1175 2182 eam,
1193 2125 1261 2188 quas

148 2227 214 2270 non
228 2204 358 2269 omuino
371 2207 466 2280 hona,
482 2227 575 2289 wem
590 2227 656 2290 quoa
665 2224 791 2290 prorsus
805 2205 982 2290 perniciosa
997 2221 1089 2272 esset.
1105 2205 1158 2272 Sic
1172 2207 1259 2270 labu-

146 2305 211 2366 lam
231 2301 380 2386 conjicio.
402 2305 558 2369 Weberus
576 2303 752 2369 orationem
773 2326 804 2366 a.
824 2305 865 2366 U.
886 2303 946 2368 593
966 2305 1082 2366 dictam
1104 2305 1261 2368 existimat

146 2404 274 2468 laudato
286 2402 500 2468 Freinshemio
519 2407 587 2468 Liv.
604 2405 718 2481 XLVI,
739 2403 794 2479 tt,
809 2405 921 2490 Polyb.
938 2403 1088 2478 XXXIV,
1106 2403 1158 2482 24,
1174 2420 1206 2468 et
1220 2409 1260 2468 ad

146 2525 218 2568 eum
232 2508 337 2568 locum
346 2505 522 2585 Schweigh.
534 2507 614 2568 Tum
624 2505 708 2570 enim
719 2505 842 2568 Fannia
854 2505 905 2568 lex
917 2505 1109 2589 sumptuaria
1123 2507 1257 2610 perlata,

146 2606 251 2668 Baehia
266 2609 414 2686 derogata
429 2621 487 2668 est.
505 2603 661 2671 Macrobii
675 2605 775 2681 locus,
792 2625 884 2687 quent
900 2601 992 2668 initio
1007 2605 1159 2670 orationis
1172 2625 1258 2689 supe·

146 2701 243 2768 rioris
257 2705 359 2779 attuli,
370 2704 444 2765 huie
456 2704 708 2765 adnumerandus
719 2715 777 2764 est.

187 2805 314 2866 Festus:
329 2829 344 2858 ι
360 2801 592 2874 obsonitavere,
611 2819 693 2882 saepe
713 2799 928 2862 obsonavere.'
940 2799 1019 2862 Cato
1040 2801 1074 2861 in
1097 2797 1255 2876 suasione,
1285 2801 1330 2872 44

145 2922 188 2966 ne
209 2899 273 2980 legi
295 2900 421 2964 Orchioe
443 2901 671 2977 derogaretur:
703 2898 766 2979 Qui
787 2911 878 2961 antea
901 2895 1130 2968 obsonitavere,
1153 2912 1263 2975 postea

144 3005 283 3066 centena
305 3001 522 3062 οὐεοηίεανοω,
553 2997 720 3079 Significat
743 3009 849 3065 auteur
873 2995 1049 3064 connvari.
1073 3024 1088 3060 a
1116 2998 1262 3078 Scaliger

145 3103 311 3166 emendat:
333 3103 396 3183 Qui
405 3116 495 3163 antea
505 3121 566 3179 per
579 3122 614 3165 se
629 3105 827 3172 coenitavere,
847 3115 957 3178 postea
969 3103 1090 3162 centeni
1103 3099 1260 3164 obsonita-

146 3222 232 3264 vere.
249 3233 293 3250 -
314 3201 379 3263 Per
394 3222 429 3262 se
446 3213 479 3262 et
494 3205 613 3262 centeni
628 3201 783 3283 opposuit,
801 3196 947 3280 quoniam
966 3219 1130 3276 numerant
1149 3201 1257 3266 couvi·

144 3321 258 3364 aarum
282 3297 519 3384 praescripserat
542 3300 604 3368 lex.
631 3301 749 3384 Popma
772 3300 936 3368 correxit:
960 3301 1022 3383 Qui
1042 3314 1133 3362 antea
1153 3307 1257 3364 octoni

145 3402 374 3476 obsonitavere,
393 3417 503 3484 postea
522 3405 643 3464 centeni
659 3402 880 3468 obsonitavere.
907 3401 1063 3478 Ducarius
1082 3400 1182 3465 voluit
1205 3398 1258 3484 (ot

145 3515 217 3568 ante
226 3523 297 3568 eum
309 3505 428 3568 Antan.
441 3501 655 3588 numanus:
669 3503 731 3586 Qui
740 3517 831 3566 antea
844 3503 932 3566 denis
946 3507 1141 3573 coenitavere,
1149 3516 1256 3578 postea

145 3606 277 3662 centanis
289 3598 512 3673 obsonitavere,
528 3597 573 3664 ita
591 3612 626 3664 ut
645 3600 730 3664 denis
749 3614 782 3664 et
799 3604 933 3666 centenis
947 3605 1094 3664 numeros
1108 3594 1255 3680 impensu

145 3693 310 3774 significet,
324 3694 528 3777 quodPighio
542 3717 663 3778 quoque
678 3698 794 3780 placet,
806 3696 860 3778 qui
871 3697 929 3760 vila·
942 3697 994 3764 vel
1007 3695 1135 3764 omuino
1148 3708 1256 3761 notam*

145 3791 240 3872 pretii
254 3795 457 3878 supplendam
471 3807 571 3876 putat.
753 3855 755 3863 ,

186 3893 256 3958 Huc
269 3888 410 3974 pertinet
423 3889 520 3958 Plinii
534 3892 621 3958 locus
635 3892 674 3954 Η.
692 3894 733 3958 Ν.
748 3893 831 3969 vtu,
848 3891 884 3954 51
897 3910 906 3952 a
923 3891 1031 3970 Neque
1049 3889 1110 3954 alio
1128 3910 1167 3952 ax
1185 3891 1253 3952 ani·

145 3987 219 4075 mali
228 4009 320 4070 quam
332 4009 370 4054 ex
379 4009 434 4054 sue
444 3991 639 4056 numerosior
648 3989 782 4058 materia
791 4008 909 4070 ganeae:
921 3987 1144 4070 quinquaginta
1154 4007 1252 4070 pmpe

144 4101 283 4165 sapores,
304 4106 375 4150 cum
394 4086 507 4150 ceteris
521 4083 647 4166 singuli.
672 4085 754 4153 Hinc
774 4082 988 4154 censoriarum
1008 4086 1111 4164 kara
1130 4081 1254 4167 pagiua

146 4179 375 4269 interdictaque
389 4187 677 4260 canusinatus,
695 4188 838 4267 amun,
856 4183 1006 4262 testiculi,
1024 4187 1138 4261 rura,
1155 4182 1251 4248 sinci-
