3246 5340
683 445 952 516 aaa·

244 575 399 630 mediocrem
415 575 539 630 tribuunt
552 575 590 628 M.
600 575 695 630 Crasso
708 577 896 647 eloquentiam.
910 579 966 642 [De
978 595 1030 648 qua
1045 579 1174 635 videndus
1188 581 1266 634 etiam

242 659 401 712 Plutarchus
409 659 469 713 Vita
477 655 566 711 Crassi
574 677 599 710 c.
610 659 651 724 3.]

214 755 350 820 Muciani
363 756 451 842 operi
464 757 619 821 crationes
630 757 672 817 M.
690 756 794 820 Crassi
809 757 931 818 insertae
950 757 1085 836 luerunt,
1102 772 1136 820 ut
1148 781 1187 821 ex
1198 761 1267 824 loco

171 857 296 938 Dialogi
315 859 354 920 de
375 870 495 931 oratu,
520 877 609 940 quem
632 857 722 918 modo
744 853 914 934 attulimus,
942 872 1038 943 patet.
1065 859 1106 920 M.
1130 856 1268 922 Licinius

171 957 301 1020 Crassus
315 977 377 1022 una
391 977 462 1020 cum
475 957 625 1018 Cicerone
641 956 684 1016 M.
698 953 829 1018 Coelium
840 956 989 1028 defendit,
1004 970 1037 1020 et
1053 977 1091 1020 ex
1105 957 1187 1020 illius
1199 977 1268 1022 ora·

171 1055 256 1120 tione
276 1060 334 1122 hoc
349 1079 368 1120 a
381 1058 532 1120 Cicerone
555 1053 630 1140 (Pro
651 1053 747 1119 Coelio
762 1077 792 1118 c.
810 1057 839 1136 8)
853 1057 1007 1120 affertur:
1033 1059 1099 1140 Quo
1120 1057 1186 1116 loco
1196 1078 1266 1139 pos-

170 1177 239 1216 sum
253 1158 354 1216 dicere
364 1159 407 1230 id,
419 1157 500 1241 quod
511 1155 562 1215 M.
581 1155 720 1228 Crassus,
733 1159 786 1213 vir
799 1133 999 1230 clarissimus}
1016 1177 1085 1214 cam
1095 1157 1133 1214 de
1141 1156 1269 1216 adventa

171 1259 257 1334 regis
270 1254 432 1316 Ptolemaei
451 1268 637 1338 quereretur,
660 1253 751 1334 paulo
764 1267 835 1312 ame
848 1254 931 1313 dixit
946 1281 957 1314 .·
980 1255 1149 1323 Utinamne
1164 1253 1198 1315 in
1217 1275 1268 1314 ne·

171 1372 257 1416 more
281 1349 410 1414 Pelio...
430 1373 468 1412 ac
492 1351 612 1432 longius
632 1352 753 1438 quidam
778 1349 854 1410 milri
881 1367 1044 1412 contexere
1065 1349 1124 1412 hoc
1142 1371 1270 1411 carmen

167 1451 285 1514 liceret.
297 1452 376 1515 Nam
388 1471 545 1533 nunquam
556 1451 632 1513 hera
643 1469 754 1512 errans
765 1448 843 1510 bone
858 1452 1034 1512 molestiam
1045 1451 1130 1511 nobis
1142 1449 1267 1510 exhibe-

171 1563 229 1618 ret,
245 1549 352 1611 Medea
365 1550 469 1612 animo
484 1567 577 1628 agra,
596 1543 700 1609 amori
721 1565 801 1610 saevo
815 1548 929 1610 saucia.
943 1548 1051 1608 -Sic
1069 1551 1167 1619 enim,
1186 1545 1269 1630 jadi-

171 1665 235 1718 ces,
257 1649 428 1724 reperietis,
447 1646 540 1729 qaod,
569 1665 642 1702 cam
661 1644 705 1702 ad
715 1645 748 1702 id
759 1643 820 1703 loci
840 1665 969 1718 venero,
996 1643 1166 1712 ostendam,
1193 1639 1271 1698 barac

171 1742 342 1804 Palatinam
369 1745 513 1807 Medeam
538 1747 814 1826 migrationemque
843 1741 913 1802 daie
937 1743 1120 1803 adolescenti
1143 1761 1269 1800 causam

171 1841 325 1900 maloram
339 1843 478 1900 omnium
502 1842 567 1899 sire
577 1841 681 1916 potius
704 1857 880 1899 sermnem
904 1840 1012 1911 faisse.
1033 1841 1188 1902 Praeterea
1208 1855 1270 1898 una

172 1959 242 2002 eum
255 1938 408 2002 Cicerone
418 1937 501 2020 juvit
514 1940 550 2002 L.
573 1935 670 1999 Corn.
692 1937 821 2000 Balbum
836 1939 884 2020 (v.
908 1936 1073 2001 Ciceronis
1096 1937 1269 2018 orationem

172 2059 200 2102 c.
220 2039 354 2126 i)etL.
372 2041 534 2105 Murenam
549 2035 636 2120 (Cio.
654 2057 702 2100 or.
719 2059 748 2102 c.
767 2038 835 2122 23).

316 2267 449 2339 LXXV
478 2283 513 2339 et
539 2267 705 2338 Lxxvt.
735 2268 803 2340 Cn.
836 2283 871 2338 et
894 2270 934 2338 P.
965 2268 1118 2340 Lentuli.

214 2479 359 2560 Intelligo
383 2480 442 2543 Cu.
471 2479 569 2543 Corn.
584 2478 749 2541 Lentulum
773 2479 978 2556 Clodianum,
998 2478 1157 2540 consulem
1182 2499 1212 2540 a.
1230 2479 1269 2543 U.

173 2577 247 2650 687,
267 2596 426 2640 censorem
437 2575 511 2649 684,
527 2575 606 2638 etP.
622 2575 786 2638 Lentulum
797 2575 919 2651 Suram,
936 2569 1096 2638 consulem
1111 2595 1141 2636 a.
1155 2573 1228 2638 682.

214 2675 283 2742 Cic.
293 2679 383 2740 Brut.
397 2699 426 2739 e.
443 2680 495 2752 66,
512 2675 591 2740 234:
607 2675 662 2736 etr.
675 2675 819 2738 Lentulus
830 2675 927 2738 multo
935 2674 1085 2756 majorem
1095 2675 1272 2756 opinionem

174 2775 429 2838 dicendiactione
437 2773 583 2848 iaciebat,
596 2791 688 2853 quam
696 2783 811 2852 quanta
822 2773 1036 2834 ineolacultas
1045 2785 1125 2832 erat:
1138 2775 1191 2852 qui
1204 2794 1273 2836 cum

173 2887 254 2937 esset
268 2893 327 2936 nee
340 2884 517 2958 peracutus,
539 2891 723 2954 quamquam
737 2883 768 2932 et
781 2889 822 2930 ex
835 2869 918 2933 facie,
937 2883 968 2932 et
986 2891 1025 2932 ex
1046 2872 1134 2932 vultu
1149 2871 1275 2934 videbe.

172 2986 236 3049 tur,
252 2994 312 3038 nee
327 2975 488 3036 abundans
501 2971 606 3034 verbis
619 2977 630 3050 (
635 2973 693 3034 etsi
704 2969 831 3032 lallebat
845 2967 880 3033 in
894 2991 931 3034 eo
946 2968 1045 3056 ipso),
1063 2971 1108 3032 sic
1122 2971 1273 3034 interval-

173 3073 226 3147 lis,
254 3070 549 3146 exclamationibus,
570 3091 647 3134 roce
661 3071 747 3134 suari
763 3081 795 3132 et
814 3089 931 3132 canora
944 3067 1131 3133 admirantes
1147 3069 1272 3134 irretie-

172 3172 239 3249 bat,
255 3171 458 3256 capiebatque
473 3169 507 3234 iu
527 3171 658 3251 agendo,
674 3183 708 3232 ut
722 3191 772 3246 ea,
787 3189 855 3251 qam
871 3165 1011 3245 deerant,
1037 3185 1100 3232 noa
1115 3169 1274 3233 desidera«
1290 3151 1310 3190 ⁰
1344 3166 1346 3170 ’

171 3283 295 3332 mter.
312 3273 362 3333 lta
388 3282 538 3353 anquam
544 3269 642 3334 emto
655 3268 745 3352 eopia
759 3268 909 3332 musella
919 3269 1101 3339 verborum,
1114 3269 1200 3331 uallo
1210 3270 1273 3332 alio

171 3365 258 3428 bono
269 3365 373 3430 tenuit
387 3380 547 3430 oratorum
559 3367 673 3439 locum,
696 3365 741 3427 sic
754 3363 811 3426 Cu.
828 3365 975 3428 tantum
988 3378 1161 3429 ceterarum
1173 3367 1273 3430 virtu-

171 3461 632 3526 tamdemoimeataartmm
645 3461 971 3538 auimamouasstt,
1000 3463 1033 3524 in
1045 3465 1277 3544 quarexeellens

170 3561 246 3637 iuit3
263 3580 365 3642 neque
376 3563 473 3626 multo
498 3581 588 3626 seem
596 3561 643 3622 P.
653 3561 808 3631 lemtim
824 3560 913 3642 enim
925 3573 958 3623 st
974 3558 1171 3641 excogitandi
1184 3574 1217 3623 et
1228 3562 1271 3623 lo·

173 3657 288 3738 qrrendi
301 3659 479 3722 tarditatem
502 3658 625 3739 tegebat
644 3658 751 3721 forme
768 3657 917 3736 dignitas,
934 3660 1074 3740 corporis
1094 3669 1194 3720 motus
1206 3659 1272 3740 ple

174 3777 234 3821 nus
246 3770 280 3821 et
293 3757 372 3822 artis
385 3773 421 3824 et
432 3761 616 3836 reumatis,
630 3759 718 3823 racis
728 3771 763 3822 et
775 3758 912 3822 suavitas
921 3771 954 3821 et
965 3759 1164 3862 magnitudo·
1181 3759 1226 3822 sic
1235 3761 1272 3822 in

173 3855 235 3918 hee
258 3851 337 3918 aittl
356 3872 469 3939 parrer
489 3858 643 3920 acdona·
657 3853 726 3933 luit,
753 3869 857 3920 emera
874 3853 969 3921 etiam
989 3831 1112 3924 minoia
1124 3875 1214 3936 quam
1236 3853 1273 3922 in

122 3985 142 4024 s
175 3953 347 4036 fflpfll'iffi·

217 4049 264 4111 lb.
289 4070 316 4111 e
341 4051 394 4124 64,
418 4053 504 4115 230:
526 4049 710 4138 Hortensius
724 4071 794 4115 suos
807 4047 892 4112 iuter
905 4051 1035 4133 equales
1055 4051 1096 4111 M
1114 3995 1269 4124 Pisonum,

176 4149 218 4208 M.
241 4149 402 4226 Crassmn,
427 4151 487 4218 Cn.
510 4127 753 4226 Leutulnm‚l>.
775 4149 939 4216 Lentulum
956 4151 1064 4214 Suram
1087 4151 1177 4232 longe
1195 4167 1275 4235 pre·

177 4245 268 4313 stitit.

1302 2635 1368 2708 192
