3200 5344
345 561 395 621 lta
408 560 492 621 enim
507 560 603 635 nmlta
619 567 682 618 tn‘m
697 569 809 622 contra
825 561 975 641 scripturn
989 575 1046 639 pro
1060 575 1150 636 eoquo
1160 569 1193 618 et
1208 555 1294 618 bono
1305 555 1403 628 dixit,
1421 573 1454 620 ut

345 660 500 720 hominem
516 654 738 734 acutissimum,
750 659 791 740 Q.
805 659 983 729 Scaevolam,
996 659 1072 719 etin
1082 658 1162 740 jure,
1174 657 1206 718 in
1219 677 1279 737 qno
1293 655 1348 720 illa
1363 677 1455 721 causa

346 759 540 834 vertebatur,
551 759 791 843 paratisdenum,
803 744 953 822 obrueret
964 772 1217 838 argumentorum
1227 761 1454 842 exemplorum·

345 873 405 942 qne
419 859 521 944 copie,
539 873 631 942 atque
644 861 690 924 ita
705 875 770 924 tum
784 861 824 924 ab
838 862 888 924 his
900 857 1044 944 patronis
1064 859 1245 941 equalibus,
1262 860 1359 922 etiam
1381 879 1453 922 oona

346 959 512 1035 sularibus,
533 977 628 1020 cansa
643 955 697 1020 illa
711 957 795 1020 dicta
809 971 869 1034 ert,
889 975 960 1020 cum
978 970 1110 1038 uterque
1131 976 1170 1016 ex
1190 955 1352 1018 contrarie
1367 967 1456 1038 parte

341 1056 392 1140 jus
403 1057 496 1118 civile
511 1055 704 1128 defenderet,
723 1067 759 1116 nt
777 1053 990 1138 eloquentium
1009 1051 1295 1136 jurisperitissimus
1311 1051 1452 1123 Crassus,

340 1155 592 1239 jurisperitorum
604 1154 875 1237 eloquentissimus
886 1153 1024 1220 scevola
1036 1163 1214 1237 putaretur.
1364 1237 1368 1242 Ι

386 1257 468 1318 lbid.
490 1277 518 1318 c.
541 1255 599 1319 tt:
620 1256 685 1318 lieo
700 1275 751 1316 res
766 1255 829 1317 ulle
848 1255 918 1336 plns
940 1255 1020 1336 apud
1040 1250 1162 1315 animos
1183 1251 1455 1332 hominnmqnnm

343 1356 420 1418 ordo
439 1367 472 1420 et
491 1367 621 1418 ornatus
635 1353 787 1416 orationis
800 1355 894 1416 valet.
922 1354 1028 1434 Quare
1043 1352 1165 1433 quises
1180 1348 1313 1434 populo,
1328 1367 1398 1412 oum
1412 1349 1451 1432 Q.

343 1445 513 1520 &motam
527 1475 587 1538 pro
600 1458 644 1519 Μ.
655 1454 795 1544 Coponio
810 1457 968 1518 dicentem
983 1455 1123 1532 audiret,
1142 1453 1312 1536 quidquam
1326 1448 1454 1534 politius

345 1568 398 1616 unt
410 1555 585 1632 elegantius
599 1564 653 1614 ant
666 1553 793 1614 omnino
807 1553 916 1616 melius
930 1565 984 1613 aut
998 1563 1195 1634 exspectaret
1207 1561 1261 1610 aut
1278 1567 1371 1631 posse
1385 1547 1455 1611 lieri

345 1651 495 1734 putaret?
508 1651 587 1715 cnm
602 1649 629 1714 is
642 1653 702 1714 hoc
716 1651 971 1733 probamentum,
989 1652 1043 1712 Μ’.
1055 1650 1196 1724 Gustum,
1209 1666 1280 1712 cum
1299 1649 1345 1709 ita
1363 1649 1454 1712 heres

345 1749 504 1814 institutes
521 1762 612 1820 esset,
629 1745 656 1814 si
674 1749 809 1832 pupillus
827 1761 901 1810 ente
919 1761 1060 1810 mortuus
1082 1761 1174 1824 esset,
1194 1765 1287 1828 φιιιιιι
1309 1743 1344 1807 in
1367 1765 1453 1810 suani

345 1851 472 1912 tutelam
484 1847 632 1922 venisset,
643 1847 763 1932 pupillo
773 1869 836 1912 non
852 1863 925 1912 nato
938 1851 1088 1912 heredem
1099 1869 1165 1911 esse
1179 1865 1243 1910 non
1260 1863 1366 1933 posse3
1381 1848 1452 1928 qnid

345 1953 400 2014 ille
414 1969 477 2014 non
493 1953 572 2012 dixit
586 1953 625 2013 de
636 1959 891 2014 testamentorum
900 1952 984 2034 jure,
995 1953 1034 2013 de
1044 1951 1180 2032 antiquis
1190 1947 1354 2012 lonnulis?
1369 1949 1451 2030 qnid,

345 2053 601 2134 quemadmodum
615 2051 713 2116 scribi
731 2051 930 2136 oportuisset,
955 2049 982 2113 si
1004 2051 1097 2113 etiam
1112 2049 1176 2112 lilio
1192 2069 1255 2113 non
1273 2061 1348 2112 nato
1364 2049 1456 2112 heres

344 2153 585 2216 institueretur?
595 2173 686 2233 quam
698 2151 869 2235 captiosum
884 2173 952 2214 esse
964 2151 1090 2234 populo,
1105 2153 1186 2233 quod
1197 2152 1350 2233 scriptum
1361 2163 1451 2227 esset,

344 2252 461 2334 negligi
475 2267 508 2315 et
521 2253 668 2334 opinione
683 2253 779 2333 quaeri
792 2253 966 2316 voluntates
986 2265 1018 2312 et
1038 2249 1304 2334 interpretatione
1321 2249 1450 2312 diserto·

345 2363 417 2412 rum
436 2347 554 2430 scripta
574 2349 760 2432 simplicium
781 2347 940 2436 hominnm
959 2345 1167 2431 pervertere?
1180 2367 1274 2430 qnam
1287 2347 1342 2409 ille
1356 2347 1451 2409 mults

346 2449 386 2511 de
400 2445 588 2510 auctoritate
601 2446 701 2530 patris
714 2448 772 2523 sui,
790 2447 842 2527 qni
857 2463 981 2530 semper
996 2445 1046 2528 jus
1063 2447 1141 2508 illud
1160 2465 1227 2508 esse
1247 2439 1454 2507 defenderat?

346 2565 438 2627 quam
461 2544 590 2606 omnino
615 2543 711 2605 multa
733 2545 773 2604 de
794 2543 1010 2606 conservando
1031 2542 1102 2625 jure
1126 2539 1241 2604 cirili?
1262 2545 1305 2602 At
1324 2559 1401 2602 vero
1420 2553 1452 2602 ut

348 2654 458 2706 contra
472 2642 601 2704 Crassus
616 2640 655 2702 ab
671 2639 867 2702 adolescente
881 2639 1027 2715 delicato,
1048 2640 1101 2720 qui
1121 2640 1156 2700 in
1175 2639 1270 2702 litore
1290 2637 1452 2699 ambulans

348 2740 496 2802 scalmum
510 2741 677 2823 reperisset
692 2741 732 2802 ob
745 2756 877 2820 eamque
887 2756 952 2799 rem
962 2735 1117 2802 {edificare
1132 2755 1245 2800 navem
1256 2732 1451 2817 concupivis-

257 2891 260 2898 .
348 2853 407 2917 set,
430 2861 560 2904 exorem
582 2855 640 2918 est,
662 2839 808 2905 similiter
827 2839 994 2904 Scaevolam
1017 2859 1055 2900 ex
1074 2846 1136 2901 nno
1158 2839 1276 2900 scalmo
1300 2836 1453 2920 captionis

341 2943 572 3004 centumvirale
586 2941 734 3022 judicium
755 2939 939 3002 hereditatis
958 2937 1114 3009 elicuisse,
1143 2938 1204 2998 hoc
1225 2937 1260 2998 in
1283 2935 1339 2997 illo
1362 2935 1453 2998 initio

341 3053 526 3104 consecutus
538 3039 645 3103 multis
659 3041 796 3120 ejusdem
811 3040 938 3118 generis
952 3035 1116 3100 sententiis
1131 3033 1303 3122 delectarit
1321 3032 1453 3099 animos·

341 3153 400 3218 qne
414 3137 563 3209 omnium,
579 3139 632 3216 qni
649 3140 791 3210 aderant,
805 3137 840 3196 in
858 3136 1050 3198 hilaritatem
1070 3155 1089 3196 a
1109 3134 1280 3196 severitate
1300 3135 1450 3196 traduxit.

342 3239 466 3298 Deinde
478 3239 537 3298 hoc
551 3239 683 3300 voluisse
696 3259 781 3312 eum,
793 3239 845 3322 qul
856 3249 1073 3299 testamentum
1084 3235 1217 3310 lecisset,
1230 3235 1290 3297 hoc
1301 3237 1445 3310 sensisse,

343 3351 466 3414 quoquo
478 3336 570 3398 modo
583 3333 666 3395 lilius
680 3353 743 3396 non
758 3345 849 3408 esset,
866 3335 919 3416 qui
932 3335 968 3395 in
981 3353 1067 3396 sunm
1082 3334 1212 3395 tundam
1228 3333 1366 3405 reniret,
1385 3329 1450 3394 sive

300 3414 305 3422 ’
344 3449 408 3492 non
423 3443 514 3492 natus
529 3428 596 3493 sive
610 3443 683 3494 ante
696 3444 844 3505 mortuus,
859 3431 972 3494 Curins
985 3433 1079 3496 heres
1090 3444 1125 3492 ιιι
1139 3434 1240 3496 eset:
1254 3427 1300 3491 ita
1311 3430 1451 3492 seribere

343 3529 506 3610 plerosque
520 3539 552 3589 et
565 3527 598 3589 id
612 3529 719 3591 valere
732 3542 765 3590 et
777 3529 911 3590 valuisse
923 3524 1056 3612 semper.
1069 3528 1190 3590 Deinde
1204 3547 1325 3608 aequum
1335 3527 1450 3590 bonum

345 3628 785 3696 testamentorum-sententiar
798 3627 1038 3707 voluntatesque
1052 3635 1170 3709 inmun
1184 3635 1253 3698 ectr
1270 3635 1389 3705 manta
1405 3643 1449 3686 es·

345 3727 440 3787 setin
455 3727 561 3792 verbis
575 3726 679 3810 captio
693 3745 764 3788 eum
778 3728 812 3788 in
827 3729 937 3790 ceteris
952 3727 1046 3790 rebus
1063 3741 1129 3788 tum
1147 3727 1181 3788 in
1200 3725 1406 3800 testamentis,
1423 3725 1448 3787 si

346 3821 580 3908 negligerentur
593 3824 787 3902 voluntates,
803 3835 951 3905 quantam
965 3821 1210 3906 sibipotentiam
1221 3821 1359 3886 Scaevoia
1371 3841 1450 3884 assu·

344 3933 453 3992 meret,
467 3917 493 3982 si
508 3941 598 3983 nemo
612 3923 738 3983 auderet
752 3934 968 3983 testamentum
983 3921 1087 3984 lacere
1102 3935 1209 4002 postea
1224 3921 1285 3986 nisi
1305 3922 1344 3984 de
1362 3917 1445 3982 iilius

342 4017 510 4082 sententia.
522 4019 594 4078 llaec
604 4037 674 4080 cum
683 4018 824 4098 graviter
836 4031 899 4080 tum
910 4019 949 4080 ab
960 4015 1109 4101 exemplis
1118 4019 1251 4100 copiose,
1263 4030 1328 4080 tum
1342 4017 1442 4088 varie,

342 4131 407 4179 tum
421 4117 516 4178 etiam
530 4117 661 4180 ridicule
675 4133 707 4182 et
719 4121 817 4182 facete
831 4121 991 4201 explicans
1006 4140 1075 4182 cam
1089 4119 1330 4182 admirationem
1344 4138 1448 4182 assen-

340 4219 521 4302 sionemque
534 4222 712 4294 commovit,
726 4221 838 4284 dixisse
849 4236 883 4284 nt
894 4237 1005 4286 eontra
1017 4243 1107 4286 nemo
1118 4219 1294 4286 videretur.
