3246 5340
399 917 597 1016 raum
625 877 1058 1018 antrorum.

208 1601 232 1654 1.
255 1601 358 1674 Appius
372 1600 503 1655 Claudius
516 1601 616 1656 Cacus.
764 1669 771 1680 ὑ

204 1701 231 1752 2·
251 1699 285 1765 Q.
300 1697 398 1750 Fabius
415 1697 546 1749 Maximus
560 1697 717 1752 Cunctator.

206 1797 232 1846 3.
253 1795 295 1846 Ti.
312 1794 484 1866 Sempronius
496 1794 643 1848 Gracchus.

203 1893 229 1943 l.
250 1894 280 1944 Ρ.
294 1891 435 1944 Cornelius
450 1890 538 1963 Scipio
551 1891 692 1946 Africanus
705 1889 798 1964 major.

206 1991 232 2041 ⁵.
253 1990 284 2040 L.
295 1987 417 2060 Papirius
427 1987 614 2060 Fregellanus.

204 2088 231 2138 6.
252 2087 290 2138 Μ.
303 2086 414 2140 Porcius
426 2085 503 2140 Cato·

311 2186 334 2236 l.
354 2183 446 2236 Oratio
458 2183 490 2236 de
504 2183 563 2255 lege
576 2185 673 2256 Oppia.

308 2284 335 2333 2.
391 2301 404 2328 α
460 2297 539 2350 quam
553 2279 621 2332 dixit
632 2278 782 2332 Numantiae
793 2281 866 2351 apud
881 2282 994 2352 equites.

393 2396 407 2423 a
463 2374 496 2426 ad
509 2373 641 2446 populum
653 2374 685 2426 dc
699 2373 845 2448 triumpho.

392 2492 405 2519 α
461 2469 532 2542 apud
541 2469 728 2524 Athenienses.

392 2581 406 2608 «
462 2571 555 2611 contra
566 2559 711 2611 Thermum
724 2558 757 2610 de
768 2557 858 2609 decem
873 2557 1036 2610 hominibus.

394 2677 407 2702 a
463 2655 496 2707 de
509 2653 584 2705 falsis
596 2653 696 2724 pugnis
708 2665 801 2704 contra
813 2651 965 2718 Thermum.

334 2779 367 2791 -
381 2751 424 2803 10.
436 2751 577 2802 Orationes
590 2749 717 2802 adversus
727 2750 774 2800 Μ’.
788 2747 915 2800 Acilium.

276 2849 319 2898 11.
337 2847 430 2900 Oratio
441 2846 473 2898 dc
485 2847 599 2918 pecunia
610 2845 680 2918 regis
694 2843 831 2898 Antiochi.

274 2946 317 2998 12.
359 2930 387 3001 ,ir
442 2945 471 2996 in
483 2945 521 2996 111.
537 2943 662 2996 Fulvium
675 2941 848 2996 Nobiliorem.

180 3109 183 3116 Ι
277 3043 319 3095 tt.
377 3063 390 3090 a
446 3041 479 3092 de
492 3038 694 3112 Conjumtione.

277 3138 318 3190 lt.
379 3160 392 3186 a
448 3139 476 3190 in
489 3139 521 3189 L.
537 3137 680 3205 Quintium
689 3136 878 3190 Flamininum.

275 3237 319 3288 15.
376 3257 389 3284 α
448 3237 477 3286 in
492 3233 641 3286 Manilium.

276 3334 318 3384 16.
375 3353 387 3380 a
444 3331 513 3382 inP.
525 3330 657 3383 Nasicam.

278 3429 320 3478 ll.
376 3447 389 3476 a
447 3427 475 3478 in
490 3425 522 3477 L.
538 3426 697 3498 Scipionem.

276 3525 318 3576 18.
347 3545 349 3557 ¹
374 3545 388 3573 a
444 3523 472 3574 in
484 3523 517 3576 L.
532 3523 674 3575 Veturium
685 3521 717 3576 de
727 3523 856 3576 sacrificio
868 3521 1015 3574 commisso.

275 3621 307 3673 19
319 3631 347 3673 et
360 3622 403 3673 20.
418 3619 559 3673 Orationes
572 3619 605 3672 de
613 3618 713 3672 mulcta
724 3630 816 3672 contra
826 3620 857 3670 L.
868 3617 989 3669 Furium.

273 3718 319 3772 at.
338 3717 429 3770 Oratio
442 3717 474 3770 de
483 3716 602 3769 moribus
616 3715 723 3769 Claudii
735 3715 758 3767 N
761 3715 859 3768 cronia.

274 3817 316 3868 22.
373 3837 386 3863 α
442 3813 708 3866 adversuahnnium.

274 3912 318 3963 23.
376 3933 388 3958 a
445 3909 570 3963 adversus
584 3909 619 3978 Q.
635 3909 784 3962 Minucium
795 3907 946 3960 Thermum.

275 4008 318 4058 24.
376 4029 389 4056 a
444 4006 478 4059 ad
492 4006 548 4059 litis
559 4007 702 4058 censorias.
802 4051 806 4058 .

193 4240 202 4258 ·
218 4225 297 4278 Pagina!
307 4224 420 4265 indicantur
429 4225 511 4277 margini
522 4224 618 4278 ascriptus.
637 4223 685 4263 Loci
698 4223 786 4262 historia·
800 4221 930 4262 Ellendn'anae
941 4229 986 4260 ante
997 4223 1106 4272 fragmenta
1116 4219 1209 4275 cujusque
1220 4230 1269 4258 ora·

165 4305 214 4346 toris
223 4303 315 4345 annotati
323 4311 376 4344 sunt.
