3200 5344
877 461 948 532 258

397 593 479 654 lbid.
496 594 533 667 ΙΙ,
553 593 604 664 39,
626 593 685 654 464
700 615 708 653 =
724 589 758 655 Si
772 613 824 654 res
839 605 905 656 tota
927 593 1086 674 queritur,
1116 592 1300 657 definitione
1316 595 1459 658 universa

353 688 402 753 vis
417 688 603 774 explicanda
628 704 677 752 est
696 692 770 752 sict
791 693 830 750 Si
847 687 996 771 majestas
1020 706 1067 750 est
1085 693 1257 773 amplitudo
1281 713 1321 750 oc
1334 694 1463 772 dignitas

353 792 492 872 civitatis,
510 793 537 847 is
551 808 622 846 eom
638 793 761 861 minuit,
787 793 840 872 qui
852 791 1023 846 exercitum
1045 785 1182 846 hostibus
1200 788 1311 865 populi
1326 789 1460 848 Romani

348 889 485 960 sottus,
511 892 643 973 nonque·
655 907 740 959 eum,
763 893 817 972 qui
839 889 874 945 td
885 889 1029 967 fecisset,
1053 888 1158 966 populi
1177 887 1310 949 tomani
1318 896 1462 966 potestati

349 989 487 1047 tradidit.
916 983 919 991 '

385 1141 435 1213 qut'
448 1141 611 1208 exercitum]
631 1141 740 1212 respicit
762 1141 899 1192 Antonius
921 1125 1088 1212 Cmpioirem,
1115 1139 1194 1212 cujus
1220 1142 1302 1213 culpa
1327 1145 1459 1196 exercitus

420 1231 557 1282 Romanus
575 1247 590 1279 a
603 1229 720 1281 Cimbris
733 1225 838 1280 deletus
852 1227 939 1279 fuerat
951 1247 976 1278 a.
990 1227 1024 1279 U.
1039 1229 1102 1290 ste,
1120 1229 1220 1298 quique
1238 1242 1330 1300 postca
1347 1231 1382 1282 ob
1401 1250 1457 1283 cam

418 1326 474 1362 rem
488 1309 640 1363 aNorbano
666 1307 776 1361 tribuno
792 1308 833 1378 pl.
846 1309 874 1359 in
885 1305 932 1379 jus
945 1321 1053 1362 vocatus
1071 1322 1122 1362 est.
1151 1311 1285 1363 Antonius
1302 1313 1457 1365 Norbanum

416 1389 582 1461 majestatem
594 1391 690 1464 populi
703 1389 752 1440 illa
766 1391 944 1453 accusatione,
959 1392 1011 1442 etsi
1026 1391 1123 1443 seditio
1137 1403 1193 1444 tum
1211 1405 1269 1444 erat
1283 1406 1354 1458 orta,
1374 1395 1457 1446 multo

330 1519 333 1526 .
416 1475 508 1526 miuus
520 1474 652 1526 minuisse
670 1473 737 1524 dicit
748 1490 827 1542 quam
848 1473 999 1543 cepionem
1016 1471 1117 1544 ,cujus
1128 1473 1209 1546 culpa
1223 1473 1340 1528 Romani
1355 1477 1456 1530 cladem

417 1561 595 1632 accepissent.

386 1691 466 1753 lbid.
483 1692 527 1765 11,
545 1690 598 1766 40,
619 1691 677 1752 167
692 1711 700 1750 s
718 1691 895 1782 Exqgenere
910 1703 1091 1768 argumenta
1105 1691 1283 1754 ducuntur:
1303 1691 1345 1772 Si
1355 1701 1452 1774 mogi.

345 1798 457 1849 stmtus
469 1793 500 1846 in
512 1787 622 1868 populi
634 1789 769 1847 Romani
783 1800 933 1865 potestate
952 1803 1022 1846 esse
1042 1787 1163 1859 debent,
1186 1789 1260 1871 qnid
1277 1788 1454 1850 Norbanum

342 1908 483 1961 accusas,
499 1889 585 1972 cujus
595 1885 761 1945 othmaros
775 1886 924 1944 volutanti
935 1889 1042 1965 paruit
1053 1884 1208 1946 civitatis?

385 1987 524 2060 lbid.'ll,
549 1988 603 2061 48,
633 1987 693 2049 199
710 1983 883 2049 :Omnium
903 1983 1088 2045 seditionum
1102 2005 1231 2063 genera,
1251 1987 1341 2062 vitia,
1371 1989 1456 2070 peri·

344 2091 415 2151 cula
430 2089 553 2168 collegi,
569 2107 701 2168 eamque
715 2088 890 2154 orationem
900 2103 940 2146 ex
953 2088 1038 2148 omni
1052 2086 1234 2168 reipublicae
1250 2101 1368 2150 nostrae
1378 2101 1452 2150 tem·

339 2205 451 2266 porum
463 2187 615 2250 varietate
627 2181 762 2265 repetivi
771 2181 973 2262 conclusique
987 2179 1046 2256 ita,
1061 2197 1096 2244 ιιι
1108 2185 1258 2256 dicerem,
1275 2181 1336 2246 etsi
1346 2207 1452 2250 omnes

340 2285 476 2346 moleste
488 2305 612 2366 semper
619 2281 789 2348 seditiones
795 2284 941 2354 fuissent,
951 2285 1052 2367 justas
1062 2297 1167 2347 tamen
1183 2286 1276 2347 inisse
1285 2289 1450 2350 nonnullas

339 2397 372 2448 et
382 2403 481 2467 prope
496 2385 702 2446 necessarias.
720 2387 799 2448 Tum
812 2385 880 2458 itta,
897 2403 964 2465 qnae
975 2384 1110 2446 Crassus
1121 2387 1214 2448 modo
1229 2405 1448 2450 commemora·

337 2483 409 2554 bat,
424 2481 475 2560 egi
489 2503 497 2542 ι
512 2502 613 2564 neque
625 2501 715 2562 reges
725 2504 765 2544 ex
774 2483 834 2544 hac
845 2481 974 2544 civitate
984 2477 1068 2560 exigi
1082 2503 1183 2562 neque
1192 2481 1336 2544 tribunos
1351 2483 1449 2565 plebis

339 2583 446 2646 creari
459 2603 561 2664 neque
574 2579 762 2666 plebisscitis
771 2580 865 2644 toties
874 2584 1072 2646 consularem
1085 2595 1270 2664 potestatem
1281 2581 1383 2644 minui
1399 2605 1449 2646 ne·

341 2703 401 2765 que
414 2685 681 2767 provocationem,
701 2697 867 2766 patronam
880 2681 967 2746 illam
977 2680 1116 2746 civitatis
1130 2704 1168 2745 ac
1182 2684 1340 2746 vindicem
1353 2685 1449 2746 llber-

338 2785 423 2862 tatis‚
439 2785 552 2869 populo
561 2784 703 2850 Romano
718 2786 787 2848 dari
798 2781 867 2846 sine
876 2782 1030 2848 nobilium
1044 2784 1236 2848 dissensione
1250 2782 1448 2866 potuisse3ac

335 2887 362 2950 si
374 2887 437 2950 ittae
449 2889 617 2950 seditiones
638 2884 733 2950 saluti
755 2885 830 2949 huic
852 2885 974 2950 civitati
990 2886 1130 2957 luissent,
1155 2905 1219 2950 non
1241 2888 1402 2962 continuo,
1418 2891 1446 2952 si

335 2983 389 3065 qui
406 2999 507 3049 motus
520 2985 625 3066 populi
643 2985 744 3046 lactus
757 2995 850 3056 esset,
867 2985 901 3044 id
911 2983 948 3046 G.
963 2981 1112 3046 Norbano
1123 2979 1155 3042 in
1176 2981 1298 3046 neisrio
1310 2983 1445 3049 crimine

334 3099 429 3165 atque
442 3087 476 3145 in
484 3085 592 3146 lrnde
607 3083 734 3166 capitali
748 3104 814 3146 esse
828 3085 1017 3165 ponendum.
1031 3084 1123 3167 Quod
1137 3083 1164 3144 si
1177 3104 1313 3164 unquam
1332 3089 1446 3169 populo

333 3187 474 3251 Romano
489 3204 668 3258 concessum
683 3199 774 3257 esset,
791 3198 824 3246 ut
835 3183 907 3268 jure
927 3187 1102 3247 concitatus
1115 3185 1288 3258 videretur,
1310 3189 1344 3250 id
1364 3192 1445 3270 quod

333 3281 485 3344 docebam
507 3300 589 3363 saepe
607 3301 675 3344 esse
699 3302 891 3358 concessum,
915 3284 1032 3346 nullam
1053 3279 1107 3344 illa
1132 3301 1258 3346 causam
1277 3283 1440 3365 justiorem

334 3382 438 3444 luisse.
451 3383 529 3446 Tum
541 3401 668 3446 omnem
684 3383 859 3448 orationem
873 3383 997 3444 traduxi
1012 3396 1044 3444 et
1060 3380 1204 3446 converti
1219 3383 1253 3444 in
1276 3385 1442 3470 increpan-

335 3483 406 3546 dam
420 3477 575 3564 Caepionis
588 3479 707 3560 fugam,
722 3480 756 3540 in
776 3481 1001 3563 deplorandum
1016 3477 1181 3546 interitum
1198 3483 1367 3557 exereitus,
1397 3487 1442 3550 sic

333 3592 485 3642 eteorum
497 3580 647 3650 dolorem,
661 3578 714 3658 qui
729 3577 968 3657 lugebantsuos,
981 3579 1124 3640 oratione
1133 3570 1322 3642 refricabam
1334 3592 1368 3642 et
1377 3583 1443 3646 ani·

331 3695 399 3739 mos
412 3674 549 3758 equitnm
562 3679 787 3748 Romanomm,
810 3677 891 3758 apud
904 3693 981 3755 quos
996 3686 1062 3736 tum
1081 3671 1205 3757 judices
1219 3696 1314 3738 causa
1329 3679 1442 3756 ageba·

237 3790 306 3864 145
331 3784 397 3847 tur,
413 3777 452 3834 ad
465 3774 505 3856 Q.
522 3773 676 3856 Caepionis
690 3771 806 3844 odium,
828 3791 923 3851 aquo
934 3783 1026 3836 erant
1037 3769 1098 3853 ipsi
1113 3783 1243 3854 propter
1253 3773 1373 3854 judicia
1387 3775 1442 3838 ab·

333 3873 473 3948 alienati,
496 3873 697 3938 renovabam.
719 3872 809 3953 Quod
826 3871 880 3932 ubi
901 3871 1050 3934 sensium
1067 3871 1100 3935 in
1120 3872 1314 3954 possessione
1326 3873 1439 3954 judicii

331 3989 371 4032 ac
386 3971 573 4034 defensionis
595 3989 670 4032 meae
691 3964 888 4040 constitisse,
907 3969 989 4048 quod
1005 3981 1038 4028 et
1054 3965 1161 4048 populi
1185 3968 1437 4034 benevolentiam

330 4065 407 4128 mibi
423 4068 636 4141 conciliarem,
661 4064 749 4146 cujus
764 4063 815 4144 jus
833 4065 926 4126 etism
947 4083 1017 4124 cum
1037 4061 1201 4126 seditionis
1214 4065 1439 4148 conjunctione

331 4167 542 4250 defenderam,
558 4181 592 4232 ut
603 4167 741 4249 judicum
757 4165 875 4228 animos
885 4177 965 4228 totos
979 4165 1030 4226 vel
1041 4163 1223 4228 calamitate
1233 4164 1434 4240 civitatisve

326 4268 412 4331 luctu
431 4289 469 4331 ac
483 4271 634 4332 desiderio
647 4267 892 4352 propinquorum
907 4267 957 4329 vel
972 4262 1044 4330 odio
1058 4261 1189 4354 proprio
1212 4267 1246 4328 in
1261 4267 1437 4364 cepionem
