3218 5320
677 506 746 577 353

157 640 208 701 nis
218 639 372 702 actionem
381 635 521 700 habitam
534 653 592 720 pro
603 640 723 713 eodem,
734 641 942 704 cumalteram
954 657 1072 726 partem
1087 650 1161 711 satis
1172 669 1261 714 nosse

161 756 224 798 non
238 748 340 818 posset
355 755 393 796 ex
407 735 471 797 sola
487 737 677 799 defensione.

202 837 321 898 Seneca
342 836 466 898 Suasor.
484 838 555 906 Vll,
582 856 614 919 p.
641 837 679 898 57
695 863 703 896 =
720 839 796 900 Erat
810 835 931 901 Cestius
947 839 1060 902 nullius
1074 843 1197 922 quidem
1218 846 1263 906 in*

159 937 254 1014 genii,
269 934 417 999 Ciceroni
433 937 526 997 etiam
542 936 681 998 infestus.

202 1037 407 1120 Hieronymus
435 1037 469 1097 in
495 1036 655 1099 Chronico
681 1039 792 1101 Euseb.
818 1041 858 1100 ad
876 1041 1000 1122 Olymp.
1035 1043 1120 1128 19¹1:
1144 1043 1266 1106 Cestius

160 1133 335 1216 Smyrnaeus
348 1136 456 1197 rhetor
471 1131 568 1198 latine
580 1137 685 1197 Romae
696 1136 801 1197 docuit
815 1137 889 1220 (non
904 1139 1035 1200 multum
1050 1152 1121 1222 post
1135 1155 1267 1203 mortem

162 1227 309 1310 Virgilii).
371 1235 377 1245 '

203 1341 252 1403 De
266 1341 369 1404 Cestio
385 1343 510 1425 ejusque
530 1355 646 1424 genere
663 1343 787 1408 dicendi
803 1346 926 1408 disserit
946 1347 1121 1410 Schlosser.
1135 1350 1170 1411 in
1181 1335 1269 1412 libro

167 1437 401 1500 Universalhist.
422 1440 549 1501 Uebers.
567 1443 631 1502 rol.
644 1463 691 1513 ιιι,
703 1456 787 1524 part.
803 1444 831 1516 1,
846 1463 877 1524 p.
898 1443 960 1506 392
974 1464 1041 1526 sqq.

341 1641 475 1716 XCIX.
506 1645 707 1716 Mamercus
734 1645 893 1717 AEmilius
922 1647 1087 1720 Scaurus.

206 1847 328 1909 Seneca
341 1845 491 1908 Controv.
507 1841 563 1904 lib.
588 1863 619 1904 v.
640 1844 726 1924 prael.
753 1865 785 1926 p.
806 1841 864 1906 347
888 1852 928 1927 (p.
948 1847 1008 1908 318
1024 1850 1074 1911 ed.
1096 1851 1205 1937 Ripa:
1223 1849 1271 1918 De

162 1946 280 2007 Scauro
299 1945 326 2005 si
339 1963 388 2004 me
402 1941 617 2020 interrogatis,
643 1943 818 2004 camillum
833 1955 954 2006 m'ecum
975 1948 1148 2024 audieritis,
1172 1949 1272 2034 iniqui

163 2043 248 2108 estis.
266 2047 338 2108 Non
349 2039 424 2107 nori
440 2061 635 2124 quemquam,
653 2043 740 2124 cujus
750 2041 879 2123 ingenio
892 2047 1022 2127 populus
1030 2051 1187 2114 Romanus
1204 2075 1272 2136 per·

164 2143 300 2208 tinacius
322 2145 491 2225 ignoverit.
514 2143 649 2206 Dicebat
674 2145 870 2224 negligenter
890 2165 968 2228 saepe
990 2168 1116 2214 eausam
1144 2153 1178 2214 in
1200 2157 1275 2235 ipsis

166 2243 339 2319 subselliis3
355 2263 444 2328 stupe,
465 2246 538 2305 dum
553 2243 709 2318 amicitur,
734 2243 860 2306 dioebat
879 2265 887 2304 ι
904 2246 1017 2308 deinde
1032 2249 1167 2329 litiganti
1190 2250 1274 2315 simi-

167 2345 229 2408 lior
243 2363 336 2425 quam
351 2341 466 2422 agenti,
492 2338 636 2423 cupiebat
658 2359 790 2402 evocare
805 2340 940 2421 aliquam
953 2361 1064 2406 vocem
1077 2348 1274 2412 adversario·

169 2461 238 2503 rum
253 2452 285 2503 et
303 2441 338 2501 in
355 2439 560 2501 altercatione
574 2435 659 2500 vires
678 2456 749 2498 suas
769 2449 912 2498 noverat.
930 2437 1014 2500 Nihil
1029 2455 1099 2506 erat
1111 2443 1166 2506 illo
1181 2465 1273 2508 renu-

163 2539 251 2618 atius,
270 2537 349 2604 nibil
363 2539 520 2623 paratius:
539 2559 636 2617 genus
646 2537 770 2600 dicendi
781 2534 954 2618 antiquum,
967 2541 1136 2607 verborum
1151 2566 1273 2630 quoque

165 2661 228 2702 non
241 2639 417 2717 vulgarium
430 2637 580 2716 gravitas,
597 2637 663 2715 ipse
679 2636 779 2695 cultus
792 2633 977 2716 habitusque
990 2643 1132 2721 corporis
1147 2646 1227 2707 mire
1235 2650 1274 2710 ad

169 2735 385 2797 auctoritatem
396 2734 566 2794 oratoriam
583 2743 717 2810 aptatus.
733 2731 796 2792 Sed
806 2749 844 2790 ex
858 2731 897 2790 iis
911 2733 1054 2796 omnibus
1064 2737 1145 2799 scire
1153 2761 1271 2821 posses,

171 2853 235 2895 non
250 2842 399 2914 quantum
413 2843 570 2893 oratorem
581 2840 743 2911 prestaret
759 2829 906 2901 Scaurus,
923 2833 978 2892 sed
994 2846 1141 2912 quantum
1156 2841 1276 2904 desere-

171 2949 233 2998 ret.
254 2935 412 3012 Pleraequc
426 2932 563 2995 actiones
576 2929 675 3004 male,
698 2925 732 2989 in
747 2929 890 2992 omnibus
914 2944 1018 2994 tamen
1034 2933 1156 3016 aliquod
1171 2945 1277 3021 magni

171 3032 364 3113 neglectique
379 3029 497 3108 ingenii
511 3026 676 3108 vestigium
687 3025 852 3106 exstabat3
870 3047 944 3090 raro
965 3029 1070 3113 aliqua
1084 3033 1168 3098 actio
1179 3037 1273 3113 hona,

171 3136 227 3196 sed
241 3154 333 3215 quam
347 3133 480 3193 fortunae
490 3131 670 3214 imputares.
689 3129 749 3192 Sed
761 3130 849 3191 illum
860 3130 964 3210 longa,
982 3133 1045 3197 imo
1055 3151 1207 3220 perpetua
1221 3145 1275 3206 de-

171 3227 251 3293 sidia
259 3249 296 3292 eo
306 3230 506 3311 perduxerat,
517 3239 553 3288 ut
563 3224 640 3288 nihil
653 3245 764 3288 curare
775 3226 883 3302 vellet,
897 3225 974 3290 nihil
986 3247 1097 3311 posset.
1114 3239 1277 3302 Orationes

174 3346 292 3410 septem
305 3327 410 3404 edidit,
424 3350 494 3412 quae
507 3325 617 3388 deinde
629 3310 748 3387 senatus
764 3327 901 3387 consulto
914 3330 1082 3394 combustae
1096 3353 1174 3398 sunt.
1191 3337 1277 3404 Bene

175 3449 247 3491 cum
257 3425 320 3488 iliis
330 3421 411 3504 ignis
424 3435 541 3502 egerat.

216 3519 318 3587 Tacit.
336 3525 419 3583 hun.
436 3522 495 3590 111,
515 3519 551 3582 31
570 3540 578 3580 :
597 3515 752 3582 Domitius
767 3519 913 3598 Corbulo,
931 3535 1066 3604 praetura
1078 3526 1214 3608 iunctus,
1239 3539 1277 3599 de

176 3628 210 3688 L.
228 3625 313 3690 Sulla
327 3623 424 3685 nobili
432 3621 548 3702 jurene
562 3635 686 3702 questus
703 3633 749 3684 est
764 3623 846 3702 apud
855 3636 1007 3694 senatum,
1027 3631 1109 3705 quod
1123 3630 1185 3692 sibi
1194 3631 1279 3699 inter

176 3726 353 3810 spectacula
380 3725 586 3804 gladiatorum
612 3724 680 3784 loco
702 3743 765 3783 nou
790 3724 984 3787 decessisset.
1011 3728 1073 3790 Pro
1102 3731 1279 3802 Corbulone

177 3837 261 3896 aetas,
285 3819 406 3905 patrius
430 3841 509 3914 mps‚
534 3820 636 3883 studia
657 3820 814 3882 seniorum
837 3835 930 3884 erant
946 3844 955 3883 τ
974 3835 1086 3888 contra
1107 3829 1280 3898 Mamercus

177 3925 310 3988 Scaurus
323 3936 354 3984 et
368 3923 402 3984 L.
421 3913 719 4002 Arruntiusaliiqne
731 3917 823 3982 Sullae
839 3922 1005 4004 propinqui
1017 3921 1198 3994 nitebantur
1214 3955 1279 3997 cer·

178 4022 348 4101 tabantque
368 4012 572 4084 orationibus.
596 4013 793 4080 Satisiaotum
812 4012 981 4081 Corbuloni
999 4019 1057 4104 p'er
1076 4021 1278 4106 Mamercum,

179 4120 232 4199 qui
246 4131 375 4200 patruus
389 4117 478 4180 simul
493 4135 531 4177 ac
548 4115 678 4178 vitricus
688 4115 781 4178 Sullae
794 4128 825 4177 et
842 4130 997 4176 oratorum
1012 4139 1049 4180 eo
1061 4137 1150 4184 aetate
1165 4127 1279 4188 uberri-

180 4235 248 4274 mus
261 4228 336 4273 θΓαί.

223 4311 260 4374 ld
274 4313 388 4396 accidit
403 4335 431 4376 a.
449 4317 489 4380 U.
510 4313 582 4375 773.
