3200 5344
662 446 733 520 283

178 588 283 657 jaoeu']
302 584 331 640 in
347 583 413 642 edit.
430 585 498 644 1526
517 582 644 655 lefllnus:
664 582 791 638 Glastdl'tu
807 587 924 636 aralium
940 587 967 634 t'tt
982 582 1108 653 Qtlt'nlttm
1122 586 1251 638 Gallum:

222 672 343 742 Quorum
358 675 448 746 jacent
469 689 577 724 ntureuo
595 671 653 724 ulla
673 672 766 723 horrea
786 676 910 746 uarioque
931 684 956 724 et
977 671 1114 724 tabularia
1132 675 1251 744 polluas.

220 757 344 830 quodem
354 760 455 830 generis
467 755 683 826 obduratusque
697 767 723 806 et
734 753 843 807 horreas
855 753 966 806 dizit-
975 755 1108 808 Mercerus
1116 759 1251 808 enac-ndat:

221 843 367 913 «Quorum
375 843 468 916 jacent
480 847 563 903 muri,
579 841 654 893 nulla
666 841 768 895 horrea.
790 841 825 893 Et
839 853 910 892 errat
923 839 1042 903 Nonius,
1061 839 1106 910 qui
1126 841 1254 911 singulari

219 929 333 997 positum
350 941 451 982 conset.
465 951 479 996 γι
491 957 523 971 -·
544 927 725 982 Gothol'redus
737 947 815 980 vero:
835 928 955 1000 Quorum
966 930 1059 1001 jacent
1077 931 1156 990 nturi,
1172 927 1255 984 uilla,

220 1013 323 1078 honen,
331 1025 383 1066 etc.
399 1013 497 1086 Popms
506 1013 585 1065 dicite
598 1033 611 1063 ι
622 1013 702 1084 bego}
712 1011 832 1084 (luorum
838 1014 931 1086 jacent
942 1015 1021 1077 muri,
1030 1031 1076 1064 nea
1085 1010 1141 1064 ulli
1150 1011 1254 1064 horren.

221 1093 299 1163 Quod
309 1101 473 1166 postumum
483 1095 614 1168 singulari
622 1111 735 1150 namra
742 1107 873 1167 etgeueno
880 1093 1011 1148 feminino
1018 1095 1146 1165 positum,
1154 1094 1257 1146 Nonius

219 1199 357 1252 perpurum
365 1194 466 1234 censet.
482 1184 524 1234 An
534 1193 622 1234 autem
632 1178 715 1253 h'ujus
727 1181 854 1234 orationis
867 1195 957 1234 auctor
969 1179 1215 1251 sitQuotlrigarius,
1225 1202 1257 1236 arur

204 1327 207 1334 ¹
220 1267 291 1322 alius
299 1268 441 1334 Claudius,
450 1269 551 1322 nescio.
561 1290 574 1320 s
589 1271 645 1342 Ego
657 1269 739 1324 Nonii
749 1269 865 1324 indicem
875 1268 1003 1320 orationis
1014 1268 1052 1320 sic
1064 1268 1258 1336 emendandum

219 1355 358 1408 existimo:
369 1356 488 1410 Calidius
500 1362 529 1410 in
539 1360 655 1412 aroanna
665 1360 694 1412 ur
704 1356 835 1430 Quintum
847 1357 974 1412 Gallium.
981 1384 1010 1396 -
1021 1355 1198 1408 Celeberrima
1208 1357 1256 1406 l'nit

222 1437 373 1492 illaCalidii
386 1439 464 1504 actio,
479 1437 574 1492 summi
588 1438 746 1502 oratoris,in
759 1457 813 1510 qua
821 1437 914 1491 Cicero
927 1455 1000 1492 reum
1013 1435 1143 1499 defendit,
1154 1449 1184 1489 ut
1197 1435 1259 1506 legi-

222 1516 582 1585 mustnnruossontt.
674 1509 723 1567 Υ
1044 1527 1083 1536 “

188 1645 327 1728 AEqualis
341 1647 399 1710 luit
412 1644 641 1732 Quadrigarius
657 1647 798 1712 Sisenuoe
813 1667 851 1710 ex
862 1647 979 1712 Velleio
994 1649 1038 1722 ll,
1057 1623 1088 1722 9¹,
1108 1651 1139 1720 5,
1160 1619 1255 1734 inier-

142 1742 225 1824 jeoto
244 1746 328 1808 inter
346 1757 472 1808 aetatem
489 1743 621 1829 Sulpicii
643 1756 674 1806 et
703 1741 880 1818 Hortensii,
904 1756 982 1807 teste
997 1744 1152 1808 Cicerone
1169 1747 1256 1808 Brut.

144 1863 173 1904 c.
189 1843 242 1907 64.
260 1848 298 1906 V.
310 1846 486 1924 Schweiglt.
503 1846 543 1906 ad
558 1845 666 1923 fragm.
686 1843 822 1926 Appiani
837 1845 885 1905 De
900 1845 992 1906 rebus
1003 1844 1089 1908 Gall.
1102 1845 1176 1908 voll.
1192 1847 1254 1916 ΙΙΙ,

147 1966 179 2028 p.
195 1945 267 2008 iii.

521 2075 633 2148 Lvlt.
661 2075 704 2146 L.
721 2075 883 2149 Sisenna.

470 2181 666 2282 [Ellendt.
700 2210 736 2281 p.
766 2185 811 2256 tt
846 2186 933 2282 sq.·]

188 2359 256 2424 Cic.
266 2361 356 2444 Brut.
369 2383 398 2424 c.
413 2360 466 2436 st,
479 2361 560 2426 2282
576 2360 738 2426 lnlerioris
751 2359 889 2446 oetatis(i.
901 2385 931 2426 e.
941 2377 1012 2446 post
1023 2367 1059 2428 Ι).
1068 2365 1251 2447 Sullncium.

146 2457 272 2520 Cottum
287 2473 319 2520 et
331 2459 516 2544 Curionem)
531 2471 602 2524 erat
619 2460 779 2544 proximus
793 2462 828 2524 1..
843 2457 993 2536 Sisenna,
1017 2462 1126 2527 doctus
1146 2462 1209 2536 vir,
1228 2473 1258 2522 ct

143 2553 256 2618 studiis
269 2553 395 2637 optimis
409 2558 545 2633 deditus,
562 2557 643 2620 bene
661 2557 761 2622 latine
779 2557 926 2638 loquens,
946 2578 1041 2622 naras
1056 2559 1255 2642 reipublicae,

147 2677 209 2720 nou
224 2657 291 2718 sine
303 2657 441 2731 facetiis,
463 2660 518 2720 sed
533 2678 633 2740 neque
646 2659 763 2721 laboris
778 2659 868 2722 multi
885 2679 943 2722 nec
962 2660 1037 2722 satis
1055 2675 1199 2722 versatus
1224 2663 1257 2724 in

144 2756 297 2816 armis.-
305 2755 342 2818 C.
356 2755 409 2832 ll,
426 2755 505 2820 260:
521 2755 654 2820 Sisenna
667 2767 783 2829 autem,
801 2751 889 2836 quasi
903 2757 1085 2818 emendator
1100 2759 1255 2818 sermonis

146 2855 252 2919 usitati
266 2876 336 2920 cum
350 2873 417 2920 esse
431 2855 536 2930 vellet,
556 2875 595 2918 ue
608 2875 627 2918 a
641 2855 678 2916 C.
691 2855 786 2918 Rusio
806 2854 930 2936 quidem
952 2869 1135 2918 accusatore
1155 2857 1255 2938 dcter5

124 3026 128 3034 Ι
148 2953 216 3014 reri
239 2950 354 3036 potuit,
365 2953 528 3034 quominus
542 2949 699 3018 inusitatis
715 2951 822 3016 verbis
835 2963 988 3014 uteretur.
1004 2949 1160 3034 Quidnam
1176 2953 1255 3020 istuc
1288 2950 1353 3020 168

146 3051 219 3112 est?
229 3051 329 3133 inquit
340 3053 466 3125 Brutus,
478 3063 533 3114 aut
545 3047 613 3134 quis
626 3063 674 3115 est
687 3047 746 3114 iste
760 3049 798 3114 C.
812 3046 949 3112 llusiusi’
961 3051 1002 3112 Et
1014 3050 1077 3122 illc,
1087 3049 1158 3112 Fuit
1166 3069 1258 3114 accu-

146 3164 245 3226 sator,
255 3149 369 3236 inquit,
382 3165 481 3222 retus,
491 3171 552 3232 quo
564 3164 731 3216 accusante
741 3152 779 3218 C.
789 3151 940 3216 Rutilium
950 3150 1084 3214 Sisenna
1094 3149 1261 3214 defendens

148 3250 237 3324 dixit,
250 3251 389 3332 quedam
401 3249 468 3331 ejus
480 3251 659 3334 sputatilioa
672 3269 739 3314 esse
754 3248 901 3314 crimina.
918 3251 998 3312 Tum
1008 3247 1047 3314 C·
1058 3250 1182 3322 Rusius,
1193 3249 1261 3314 Cir·

150 3346 344 3421 cumvenior,
362 3348 476 3428 inquit,
491 3343 626 3428 judices,
641 3347 702 3410 nisi
714 3348 901 3412 subvenitis.
924 3346 1057 3410 Sisenna
1072 3346 1149 3430 quid
1163 3343 1257 3424 dicat,

151 3449 275 3512 nescio:
293 3463 397 3512 metuo
412 3445 550 3514 insidias.
569 3445 764 3532 spataritica,
778 3451 914 3532 quidest
928 3451 986 3512 hoc
997 3447 1109 3532 isputa
1122 3448 1195 3528 quid
1206 3450 1257 3525 sit,

149 3551 225 3622 seit),
237 3547 325 3614 tilica
339 3551 455 3614 nescio.

185 3689 217 3742 C.
229 3691 322 3756 Rusio]
333 3709 359 3741 v.
368 3687 527 3741 Weichertii
539 3687 649 3740 Dissert.
661 3689 699 3740 De
707 3686 790 3740 Calvo
799 3709 826 3759 p.
840 3689 898 3740 tot.

190 3793 222 3846 C.
238 3793 375 3861 flatilium]
392 3793 438 3862 qui
456 3791 484 3844 in
497 3795 580 3846 Bruto
590 3791 647 3847 Gic.
662 3813 688 3846 c.
703 3795 738 3846 tu
754 3807 781 3847 et
796 3796 830 3848 in
841 3794 1009 3848 Divinatione
1029 3795 1058 3848 in
1075 3795 1165 3851 cecil.
1180 3817 1205 3850 c.
1222 3801 1253 3850 at

223 3875 356 3930 laudatur.
370 3874 484 3943 [Nullus
491 3875 572 3929 codex
585 3877 617 3931 G.
629 3877 772 3932 Rutilium:
787 3897 965 3949 paeneomnoo
973 3879 1129 3932 Chiru'lt'um.
1139 3880 1261 3934 Ellendt.

223 3962 252 4014 in
260 3961 353 4016 Jahuii
365 3961 464 4020 Annei.
475 3961 552 4014 novis
562 3960 660 4016 Philol.
676 3965 753 4027 1836,
763 3981 790 4034 p.
803 3965 850 4021 iil
863 3965 958 4035 probat
971 3965 995 4018 si
1009 3963 1140 4019 scribatur
1151 3965 1182 4022 C.
1194 3967 1259 4020 Ho-

220 4047 303 4099 tilrium
314 4045 355 4098 rel
365 4045 522 4118 simpliciter
533 4042 696 4114 Hirtilium]
823 4049 826 4062 ¹

193 4169 327 4252 Quintil.
345 4173 370 4244 l,
389 4173 421 4246 5,
440 4172 497 4232 tt:
512 4195 526 4227 ι
541 4167 673 4234 Sisettaa
688 4173 765 4234 ‹tisit
778 4128 912 4234 assentio
929 4171 939 4255 (
948 4195 1004 4255 pro
1020 4173 1225 4257 assensione).
1243 4198 1258 4232 s

154 4268 239 4330 ldcm
254 4287 291 4331 es
299 4271 442 4334 Varrone
452 4271 574 4336 Gellius
585 4271 631 4343 ll,
644 4265 811 4342 inaturlit.
882 4303 890 4321 ·
