3288 5344
215 694 1289 738 UWWUWWWWWNWWWNWMMMWMWWMW

237 1087 239 1094 ·
291 1061 546 1148 fflsroum
578 1039 933 1197 nnooununn-
963 1044 1216 1152 nonnum.

246 1635 275 1696 1.
296 1631 384 1718 'sepe
406 1648 439 1698 et
456 1635 602 1710 multum,
617 1635 663 1698 ite
684 1647 719 1696 ut
736 1650 799 1698 non
821 1633 902 1698 forte
916 1629 1032 1700 metum
1051 1645 1220 1717 upperont,
1240 1633 1304 1699 elo·

200 1732 334 1815 quentiae
349 1725 624 1816 Latiumprinoeps
635 1732 669 1794 in
680 1751 766 1795 esre
778 1732 974 1807 immoratur,
992 1733 1306 1813 auertendaeque

200 1853 219 1895 e
234 1833 372 1896 moribus
383 1833 592 1896 hominemex
606 1825 816 1916 institutisque
830 1833 991 1896 eiritutom
1004 1831 1156 1917 profluet,
1170 1844 1203 1893 et
1214 1851 1307 1912 quotu

197 1951 262 1995 sure
279 1932 410 2012 originis
432 1933 519 2013 quusi
533 1932 784 2014 praemiarentur
798 1951 850 1994 urs
867 1932 1041 2014 eloquendi.
1061 1929 1257 1994 desentimur
1268 1929 1304 1992 in

199 2053 255 2108 eo,
270 2045 305 2094 ut
318 2032 524 2094 confiteamur
537 2031 668 2093 insitum
682 2050 748 2096 esso
763 2053 791 2095 u·
799 2043 914 2094 nature
927 2031 1103 2094 hominibus
1116 2043 1151 2092 nt
1167 2030 1306 2093 omium

200 2131 316 2192 artium
323 2126 371 2192 fro
380 2132 536 2213 precipue
548 2131 673 2192 dicendi
684 2132 762 2193 artis
772 2131 971 2195 elaborando
978 2129 1127 2193 studium.
1142 2131 1224 2191 Nem
1232 2128 1307 2209 qnid

199 2227 306 2288 uirbis
315 2241 471 2310 operest,
487 2239 523 2288 ut
541 2227 708 2309 probetur,
726 2225 812 2290 nullu
826 2247 862 2290 re
874 2228 1007 2308 magist
1020 2223 1306 2309 pecudibushomi-

199 2341 288 2400 nem,
297 2321 401 2404 'quem'
415 2324 586 2387 rationeet
602 2323 744 2386 oratione
761 2323 909 2388 secerni?
921 2323 1039 2388 nullum
1057 2323 1098 2384 ed
1108 2339 1238 2385 omnem
1252 2339 1306 2387 nt·

198 2431 301 2482 turum
323 2421 491 2482 bernonem
509 2431 544 2482 et
569 2419 729 2500 ingenium
757 2421 960 2484 excolendum
986 2420 1196 2504 potentiorem
1217 2415 1307 2480 esse?

196 2517 307 2599 Quare
319 2535 389 2578 eum
401 2516 519 2598 ubique
531 2517 578 2578 sit
594 2516 747 2579 orationis
756 2512 845 2594 drus,
860 2533 953 2598 qunrtt
967 2516 1151 2580 maturrime
1164 2512 1305 2580 homiues

198 2613 249 2676 rel
266 2633 377 2697 purum
397 2616 497 2676 cultos
510 2614 545 2674 in
565 2633 602 2676 eo
615 2615 896 2677 ridemus'ieudom
910 2633 1037 2698 ponere·
1049 2613 1201 2695 aliquem,
1222 2611 1304 2691 quod

198 2715 283 2777 inter
298 2735 368 2778 euos
383 2715 505 2796 eloquio
519 2714 682 2778 excollent.
709 2716 793 2797 Quid
807 2715 921 2778 mirum
940 2716 1047 2795 igitur,
1069 2717 1096 2778 si
1118 2715 1203 2797 opud
1217 2714 1305 2776 Gne·

198 2835 252 2879 cos
268 2815 478 2898 potissimum,
495 2815 698 2894 elegantioris
717 2813 920 2878 humanitatis
940 2811 1084 2878 auctores
1098 2827 1133 2877 et
1154 2813 1307 2887 emtores,

197 2933 269 2976 oum
282 2915 417 2994 primum
428 2915 469 2973 de
479 2909 629 2983 barberio
644 2921 856 2981 emerserunt,
871 2911 1095 2991 uiritatumque
1105 2922 1137 2971 et
1147 2921 1246 2970 stutus
1255 2929 1308 2990 po

198 3009 313 3071 litioris
332 3007 541 3070 tundamentu
572 3017 762 3088 posuerant,
784 3024 909 3068 sensum
939 3007 1105 3088 eloquendi
1125 3003 1252 3088 prodire
1275 3017 1309 3067 ot

145 3171 150 3182 Ι
198 3102 516 3185 etqualiumleudibus
537 3103 691 3165 celebrari
703 3101 868 3165 videmus?
881 3104 958 3165 luds
975 3104 1065 3166 toties
1096 3101 1226 3164 indutus
1246 3101 1307 3164 tte

199 3223 322 3280 merus,
335 3203 387 3284 qui
400 3202 542 3286 Ulyssem
556 3205 778 3286 Nestoremque
800 3206 944 3268 ornando
960 3205 1009 3266 sui
1023 3199 1174 3285 temporis
1184 3221 1309 3266 sensum

198 3306 359 3392 patefecit.'
371 3307 479 3394 Neque
490 3325 560 3367 oum
570 3305 766 3388 Quintiliano
776 3305 921 3369 dissentit
929 3305 1090 3388 quisquam
1103 3302 1163 3389 (X,
1183 3303 1198 3365 l
1212 3347 1222 3378 ,
1238 3304 1308 3392 45),

199 3426 270 3470 cnm
289 3405 427 3468 omnium
446 3405 571 3469 dicendi
584 3423 733 3486 generum
756 3406 1011 3488 prestantissima
1026 3405 1169 3488 exemplu
1189 3405 1229 3466 ab
1249 3405 1309 3468 Ho-

198 3525 286 3570 mero
296 3505 454 3590 proposito
467 3517 500 3568 et
514 3505 682 3568 imitationi
698 3517 820 3568 ostensa
836 3517 953 3568 censete
972 3507 1064 3590 Quod
1077 3523 1154 3567 uero
1168 3501 1308 3586 pluribus

199 3599 276 3666 loeis
296 3603 339 3664 Μ.
362 3601 479 3666 Tullius
494 3599 591 3686 (artis
611 3602 707 3667 nimio
730 3595 835 3665 umore
851 3603 929 3665 ferri
947 3595 1192 3684 unimodrer'tus)
1206 3601 1305 3666 incul-

199 3711 268 3776 out,
291 3687 432 3762 conditas
447 3701 624 3782 eloquentie
647 3699 804 3776 civitates,
826 3701 927 3782 posite
947 3691 1083 3762 melioris
1104 3697 1307 3760 humanitatis

199 3801 420 3876 fundamenta,
437 3801 637 3864 obliteratum
652 3789 775 3864 morum
794 3799 968 3875 feritatem,
986 3799 1155 3864 &moreins
1173 3811 1206 3862 ot
1223 3799 1328 3861 helia.

177 3899 324 3972 sedete,
344 3897 434 3960 mulis
458 3911 522 3960 tum
542 3895 674 3980 pnblieis
702 3909 766 3958 tutu
790 3896 921 3980 privetis
942 3915 1105 3960 ooeursum
1121 3915 1211 3960 esse:
1227 3895 1306 3970 hee,

198 3995 339 4076 inquom,'
354 4015 391 4058 ex
401 3996 586 4079 improbetis
599 3997 648 4056 De
659 3993 945 4070 inventionelibrie
958 3991 1012 4076 (1,
1030 3993 1045 4054 1
1060 4014 1127 4076 sqq.
1138 3979 1153 4078 )
1164 3994 1199 4054 io
1210 3992 1305 4055 diulu-

198 4109 253 4170 gos
270 4093 319 4154 De
336 4105 462 4154 oratore
477 4088 525 4175 (1,
542 4095 561 4156 8
577 4088 665 4174 sqq.)
679 4089 886 4174 transumpta,
906 4091 1046 4173 quemuis
1059 4093 1098 4152 do
1111 4089 1306 4172 philosophia

200 4191 309 4252 eedem
320 4193 468 4273 predicet
478 4193 593 4276 Quem.
607 4195 700 4254 Tunc.
713 4194 758 4267 V,
773 4192 812 4265 2,
826 4193 863 4267 5,
874 4191 989 4274 partim
999 4191 1129 4254 multum
1139 4211 1159 4253 e
1168 4209 1244 4254 uero
1253 4189 1305 4251 ab·

201 4300 289 4364 sunt,
307 4290 422 4371 purtim
443 4307 484 4352 ne
499 4290 590 4354 -luudi
607 4290 732 4372 quidem
747 4291 892 4353 docenda
910 4289 1069 4352 ridentur.
1090 4288 1210 4356 Contra
1230 4307 1304 4352 sane

201 4383 407 4466 disputantem
425 4385 547 4452 induxit
565 4387 750 4464 scevolam,
769 4387 821 4470 qni
839 4387 1010 4468 prudentie
1024 4385 1110 4452 civili
1128 4397 1219 4449 uncte
1234 4383 1304 4448 vite
