3218 5320
836 369 904 440 356

390 528 450 564 rum
462 522 594 561 oratorum
602 508 702 560 Seneca
714 520 868 578 praeceptor,
888 527 942 578 quo
955 506 1057 560 diutius
1071 508 1098 560 in
1112 505 1284 564 admiratione
1296 510 1338 562 sui
1350 509 1420 561 dcti-

392 604 475 644 neret.
488 613 500 640 a

333 743 336 754 '
363 744 482 818 Gellius
502 745 574 820 Xll,
593 743 615 806 2
631 764 638 804 =
655 745 709 818 De
722 747 840 815 Aunaeo
861 745 981 823 Seneca
1006 745 1121 826 partim
1141 742 1320 807 existimant
1334 757 1369 806 ut
1385 747 1423 806 de

322 844 476 923 scriptore
494 843 622 906 minime
646 845 725 919 utili,
751 842 838 924 eujus
860 843 959 904 libros
977 843 1132 921 attingere
1154 845 1272 906 nullum
1291 844 1423 924 pretium

321 962 422 1023 operte
435 945 487 1019 sit,
507 948 588 1026 quod
598 945 699 1007 oratio
713 944 778 1026 ejus
793 943 935 1023 vulgaria
949 941 1092 1006 videatur
1107 957 1139 1004 et
1154 945 1298 1026 protrita,
1315 966 1365 1008 res
1377 957 1423 1006 at·

322 1063 381 1122 que
395 1045 559 1106 sententie
574 1059 627 1106 aut
638 1059 673 1120 ut
692 1045 798 1128 inepto
812 1045 959 1128 inanique
974 1046 1092 1127 impetu
1108 1047 1172 1108 sint
1188 1060 1242 1108 aut
1257 1059 1292 1106 ut
1311 1043 1374 1108 levi
1394 1059 1426 1108 et

323 1143 411 1222 quasi
418 1140 520 1205 dicaci
533 1145 672 1224 argutia3
685 1145 818 1206 eruditio
834 1157 937 1206 autem
951 1145 1121 1206 vernacula
1135 1157 1167 1206 et
1179 1145 1313 1227 plebeia,
1331 1145 1425 1206 nihil-

323 1261 382 1320 que
396 1261 435 1302 ex
453 1253 593 1303 veterum
611 1243 736 1324 seriptis
750 1243 871 1304 habens
887 1261 987 1326 neque
1002 1242 1110 1320 gratiae
1125 1263 1225 1322 neque
1240 1239 1422 1322 dignitatis3

324 1338 378 1402 alii
394 1362 469 1404 vero
489 1344 649 1422 elegantiae
677 1340 799 1424 quidem
819 1343 852 1403 in
877 1341 983 1404 verbis
1002 1361 1112 1423 parum
1131 1363 1197 1404 esse
1224 1364 1287 1405 nou
1310 1341 1428 1404 infitias

323 1452 409 1514 eunt,
428 1443 481 1502 scd
496 1455 527 1502 et
541 1461 660 1514 rerum,
678 1459 754 1520 quas
768 1439 870 1515 dicat,
897 1440 1059 1503 scientiam
1072 1438 1308 1522 doctrinamque
1320 1444 1349 1500 ei
1364 1459 1428 1501 non

323 1538 428 1598 deesse
442 1539 550 1600 dieunt
569 1536 646 1600 etin
661 1536 747 1600 vitiis
761 1557 882 1601 morum
898 1537 1100 1619 objurgandis
1114 1539 1312 1602 severitatem
1326 1533 1429 1615 gravi·

318 1645 482 1714 tatemque
501 1654 564 1697 non
580 1632 789 1697 invenustam.

367 1737 492 1798 Fronto
510 1738 561 1797 De
579 1735 770 1798 orationibus
794 1738 832 1796 ad
856 1739 898 1797 Μ.
917 1736 1071 1798 Caesarem
1091 1755 1121 1815 p.
1149 1733 1237 1795 239:
1262 1733 1429 1796 Confusam

226 1827 297 1898 {238
325 1855 393 1898 eam
415 1856 472 1915 ego
495 1838 704 1917 eloquentiam
730 1837 927 1898 cataelnnnae
951 1837 1013 1896 ritu
1037 1834 1151 1916 p'artim
1173 1836 1273 1914 igneis
1298 1834 1430 1896 nucibus

323 1935 466 2009 Gelonis,
488 1938 604 2017 partim
619 1937 748 1996 Seneece
758 1931 902 1996 mollibus
916 1945 948 1994 et
968 1929 1163 1994 febriculosis
1177 1933 1339 2014 prunuleis
1353 1929 1429 1993 insi·

324 2050 399 2109 tam,
417 2037 663 2100 subvertendam
685 2055 795 2098 censeo
821 2035 982 2108 radicitus,
1006 2034 1067 2095 imo
1087 2053 1162 2096 vero
1180 2034 1324 2096 Plautino
1348 2035 1430 2094 irato

323 2136 421 2198 verbo
442 2134 642 2199 exradicitus.
660 2139 766 2216 Neque
784 2133 893 2214 ignoro
910 2133 1066 2214 copiosum
1082 2128 1247 2193 sententiis
1270 2145 1302 2194 et
1316 2133 1429 2193 redun-

325 2233 451 2296 dantem
465 2253 531 2295 asse
540 2235 708 2304 hominem,
723 2253 831 2294 verum
845 2229 1016 2292 sententias
1025 2230 1091 2312 ejus
1101 2229 1247 2290 tolutares
1257 2231 1346 2291 video
1356 2249 1429 2310 qua·

326 2343 394 2389 tere
409 2349 552 2411 campum
575 2327 764 2410 quadripedo
785 2325 909 2390 concito
928 2347 1032 2401 eumn,
1050 2340 1159 2388 tenere
1184 2345 1344 2408 nusquam,
1374 2347 1428 2408 pu·

326 2447 424 2504 gnare
452 2449 612 2510 nusquam,
630 2427 799 2490 instantem
824 2429 960 2502 eludere,
986 2440 1019 2488 ut
1045 2428 1196 2490 Laberius
1211 2425 1427 2500 dictabolaria,

326 2527 390 2585 imo
409 2525 542 2588 dicteria
557 2525 659 2609 potins
678 2547 749 2588 eum
773 2545 864 2606 quam
879 2527 963 2588 dieta
978 2526 1153 2587 continere.
1170 2529 1259 2588 ltane
1274 2527 1430 2588 existimas

324 2617 489 2701 graviores
503 2622 672 2686 sententias
687 2637 719 2685 et
733 2624 841 2685 eadem
855 2624 893 2685 de
911 2641 946 2683 re
958 2624 1038 2704 apud
1052 2625 1202 2684 Annaeum
1218 2621 1313 2685 istum
1328 2645 1430 2706 reper-

327 2732 432 2781 turum
445 2733 477 2782 te
487 2738 578 2803 quam
593 2723 674 2805 apud
688 2717 852 2800 Sergium!l
866 2722 928 2783 Sed
943 2740 1006 2782 non
1019 2721 1190 2783 modulatas
1203 2740 1300 2804 aeque,
1317 2723 1429 2795 fateor,

328 2837 427 2899 neque
440 2817 484 2882 ita
500 2819 668 2894 cordaceet
684 2821 730 2881 ita
749 2831 808 2892 est,
818 2839 927 2899 vireque
940 2819 984 2880 ita
994 2819 1149 2894 tinnulas3
1164 2839 1226 2882 uon
1240 2840 1331 2900 nego.
1349 2822 1431 2904 Quid

327 2939 415 2993 vero,
436 2921 462 2981 si
477 2922 642 3002 prandium
657 2923 738 2982 idem
753 2922 893 3000 utrisque
907 2923 1094 3000 adponatur,
1117 2921 1272 3002 adpositas
1290 2923 1372 2984 oleas
1391 2923 1430 2983 al-

326 3035 376 3080 ter
387 3019 491 3100 digitis
505 3023 651 3101 prendat,
668 3023 708 3082 ad
726 3039 760 3083 os
775 3021 905 3094 adierat,
924 3033 957 3080 ut
967 3021 1165 3081 mendicandi
1185 3020 1234 3110 jus
1250 3021 1354 3103 lasque
1371 3037 1428 3096 est,

327 3121 371 3180 ita
396 3121 540 3182 dentibus
560 3118 723 3201 subjiciat;
751 3121 832 3182 alter
849 3132 950 3181 autern
964 3119 1046 3181 oleas
1066 3139 1135 3180 suas
1153 3121 1187 3181 in
1209 3122 1305 3184 altum
1320 3121 1429 3203 jaciat,

329 3241 384 3282 ore
394 3235 502 3302 aperto
512 3221 656 3302 excipiam
674 3237 819 3303 exceptas
834 3236 868 3281 ut
880 3221 1013 3284 calculos
1028 3219 1235 3303 prestigiator
1245 3221 1432 3304 primoribus

328 3323 426 3382 labris
441 3333 599 3384 ostentet:
618 3341 659 3388 ea,
680 3339 714 3382 re
729 3323 868 3403 prolecto
884 3324 974 3403 pueri
994 3323 1160 3401 gaudeant,
1181 3321 1322 3386 convivae
1349 3325 1431 3385 dele·

330 3421 480 3484 utentur?
497 3423 559 3486 Sed
578 3423 657 3484 alter
675 3422 786 3502 pudice
802 3420 977 3506 pranderit,
997 3423 1077 3484 alter
1091 3423 1213 3484 labellis
1233 3425 1432 3504 gesticulatus

331 3521 403 3585 erit.
425 3527 467 3586 dt
490 3524 573 3586 enim
591 3534 664 3584 sunt
678 3523 814 3602 quaedam
829 3524 862 3584 in
884 3520 974 3584 libris
996 3521 1060 3602 ejus
1075 3521 1154 3585 scite
1174 3525 1268 3599 dicta,
1291 3525 1431 3604 graviter

330 3641 450 3700 quoque
465 3621 625 3684 nonnulla.
643 3620 744 3683 Etiam
761 3622 1050 3684 laminoeinterdum
1065 3621 1246 3700 argentiolae
1258 3621 1371 3684 cloacis
1385 3623 1431 3682 in·

330 3719 512 3789 veniuntur,
526 3739 604 3780 eane
615 3738 651 3779 re
667 3719 788 3782 cloacas
801 3721 977 3799 purgandas
988 3717 1199 3782 redimemus?

365 3878 482 3945 Seneca]
502 3881 699 3934 consentientes
712 3881 832 3944 ridemus
844 3879 983 3951 injudicio
999 3881 1032 3934 de
1041 3880 1193 3950 eloquentia
1204 3881 1310 3940 Sanecae
1320 3879 1431 3949 Quinti·

404 3959 514 4024 lienum,
525 3964 695 4028 Frontonem,
709 3961 838 4016 Gellium.

368 4117 475 4184 quatere
489 4116 621 4180 campum]
641 4109 746 4182 Recepi,
759 4125 790 4164 ut
801 4130 848 4182 par
861 4125 926 4174 erat,
941 4113 1150 4166 emendationem
1164 4112 1327 4184 ingeniosam
1339 4109 1433 4163 Orellii

337 4188 340 4200 ’
373 4187 376 4196 ’
402 4199 430 4268 in
444 4195 580 4270 ddnotatt.
597 4197 628 4250 ad
642 4198 875 4254 Chrestomathiam
889 4202 1094 4270 Frontonianum
1110 4221 1136 4282 p.
1162 4203 1221 4256 tta.
1242 4199 1331 4282 llulgo
1347 4219 1353 4252 ι
1369 4197 1433 4250 lulu-
