3212 5326
643 455 703 526 181

127 600 278 656 maximis
285 593 555 670 mauritaniarum
564 576 686 656 narium
696 596 877 668 exereitum,
886 605 1000 652 tantum
1007 610 1223 666 commeatum,

123 716 184 757 non
205 701 360 778 opinatum
379 715 447 756 esse
467 715 649 780 quemquam
670 694 824 754 loannem
845 699 1026 754 maturrime
1046 717 1226 776 comparare

122 801 267 873 patuisse.
283 795 390 857 Idem:
407 791 487 854 Tam
502 797 685 854 maturrime
700 797 937 872 comparavisse.

159 927 287 980 Laudant
297 928 346 992 nte]
359 924 525 978 referendum
537 937 579 978 est
590 925 622 978 ad
634 925 671 988 id,
685 925 757 998 quoti
767 924 903 978 celerrime
914 924 1026 978 classem
1039 937 1067 978 et
1080 925 1224 978 exercitum

193 1020 338 1080 paraverat,
348 1007 381 1062 ad
388 1007 608 1081 proficiscendum
621 1008 650 1063 in
659 1006 824 1080 Hispaniam,
834 1020 866 1062 ut
879 1007 978 1062 uLivio
986 1025 1094 1078 qnoque
1102 1007 1225 1061 unditus.

169 1130 292 1195 Charis.
305 1131 350 1206 ll,
369 1153 401 1216 p.
418 1131 495 1196 1852
511 1133 552 1196 M.
567 1132 645 1198 cata
663 1133 694 1195 d.
708 1135 740 1196 d.
752 1133 782 1194 d.
798 1155 825 1197 c.
839 1153 911 1194 suo:
935 1131 1052 1192 Deinde
1067 1147 1229 1216 postquam

128 1229 307 1291 Massiliam
318 1235 527 1310 praeeramus,
548 1232 618 1292 inde
639 1253 761 1294 omnem
775 1233 907 1293 classem
927 1247 1028 1292 auster·
1046 1231 1229 1312 lenisfhr15

128 1348 219 1390 mare
239 1329 317 1392 velis
327 1328 448 1411 florere
470 1331 607 1403 videres,
630 1330 710 1390 ultra
729 1329 872 1410 angutiam
892 1327 1066 1392 Gallicum:
1086 1331 1130 1388 ad
1144 1329 1230 1387 illum
1255 1353 1299 1426 75

127 1429 211 1484 enim
234 1440 324 1510 atquc
343 1427 544 1488 liuscinomen
571 1427 760 1506 deferimur;
787 1427 858 1486 inde
883 1441 970 1488 nacte
993 1447 1071 1486 aura
1094 1426 1230 1507 profecti

128 1542 244 1584 sumus.

160 1657 325 1728 Massiliam]
335 1675 457 1731 compara
465 1657 554 1712 locum
563 1657 642 1724 Livii,
652 1675 730 1728 quem
739 1675 820 1730 supra
828 1659 951 1732 apposni.

160 1788 287 1860 capulum
298 1789 443 1858 Gutum]
452 1789 544 1844 Livius
553 1795 640 1844 einum
650 1789 783 1846 Gallicum
791 1789 917 1860 appellat.

164 1897 348 1966 Ruscinonem]
362 1899 502 1953 Rusciucn
516 1900 625 1964 fluvius,
639 1901 686 1970 qui
703 1901 733 1952 in
746 1899 882 1954 Gallicum
899 1917 969 1952 mare
986 1917 1067 1969 aquas
1078 1899 1179 1953 fundit.
1198 1899 1230 1952 ln

197 1981 333 2037 Mannerti
345 1999 450 2052 quoque
466 1981 558 2036 tabula
569 1982 758 2055 geographica,
769 1983 924 2055 Hispaniam
947 1982 1114 2048 continente,
1133 2001 1229 2036 nomen

200 2068 240 2120 tic
252 2067 361 2140 legitur.

168 2189 295 2255 Charis.
308 2193 350 2263 11,
366 2210 399 2273 p.
413 2189 492 2258 186:
506 2193 549 2255 Μ.
563 2191 642 2257 cato
656 2193 688 2256 d.
701 2194 731 2256 (1.
745 2193 777 2256 d.
793 2213 823 2258 c.
836 2213 891 2256 suo
902 2214 910 2256 t
923 2193 994 2256 Eas
1007 2211 1127 2253 resnou
1138 2213 1232 2271 passe

126 2293 281 2360 sustineri,
292 2293 353 2350 nisi
363 2309 400 2350 eo
406 2291 559 2370 praesidia
571 2309 686 2373 magna
690 2291 983 2376 frumentumque...
996 2293 1123 2352 numito
1131 2291 1231 2352 dicunt

125 2390 234 2466 palam
245 2409 368 2452 necesse
377 2411 446 2452 esse
455 2391 604 2454 obturata.

151 2528 383 2600 frumentumque]
396 2523 578 2599 supplendum
590 2534 716 2583 mittatur.
736 2531 838 2583 Auson.
855 2529 954 2600 Pcpma
965 2523 1016 2582 hcc
1027 2530 1060 2584 ed
1075 2529 1230 2602 legationem

195 2611 665 2690 Ilergetumrefert‚quiadssutonetn
673 2610 811 2666 consulam
819 2613 1231 2686 miserunt,querentes‚cestclla

195 2714 247 2748 sue
258 2696 560 2768 oppugnari,nccepe1u
572 2695 656 2750 ullam
668 2713 727 2748 esee
739 2695 892 2760 resistendi,
902 2696 956 2748 nisi
964 2696 1086 2766 presidio
1095 2697 1231 2750 Romanus

196 2781 276 2835 miles
288 2793 373 2846 esset,
389 2794 420 2834 ut
433 2781 525 2835 Livius
537 2781 630 2836 scribit
644 2781 768 2846 XXXIV,
782 2783 823 2833 ll.
841 2781 930 2846 [conf.
948 2782 1068 2834 Frontin.
1085 2783 1165 2834 Strnt.
1182 2783 1229 2845 lv,

202 2871 230 2932 l,
242 2869 287 2922 tt.
297 2867 392 2934 ueta]

168 2993 240 3053 Huc
258 2987 399 3072 pertinet
419 2990 629 3070 fragmentum
646 2990 787 3063 Catonis,
808 2991 889 3070 quod
909 2989 1015 3052 Livius
1037 2991 1070 3052 in
1092 3003 1232 3052 extrema

126 3087 219 3172 hujus
233 3107 344 3172 pugna)
359 3087 543 3182 narratione
558 3085 688 3165 addidit,
710 3091 854 3163 XXXIV,
876 3090 932 3156 15:
954 3090 1029 3150 Canto
1052 3095 1130 3168 ipse,
1154 3087 1235 3148 laud

127 3207 201 3248 sane
215 3185 398 3248 obtrectator
411 3186 534 3246 laudum
546 3199 680 3262 suanum,
693 3187 802 3248 multos
813 3205 912 3250 casos
922 3189 965 3246 ait
968 3215 984 3268 a·
996 3205 1155 3246 nnmerum
1172 3207 1232 3246 nan

128 3283 288 3346 adscribit.
1142 3295 1148 3304 '

170 3379 294 3444 Charis.
305 3381 347 3458 11,
360 3399 392 3466 p.
408 3379 485 3442 18¹1:
496 3382 540 3444 Μ.
551 3379 760 3446 Catcdicrnm
771 3381 925 3444 dictarum
935 3380 974 3444 de
984 3380 1146 3443 consulatu
1156 3398 1229 3441 suo:

129 3477 214 3539 Milti
227 3497 317 3567 atquo
328 3481 422 3542 classi
435 3479 653 3568 obviamjiunt.
836 3501 838 3506 ·

149 3619 240 3690 fiunt]
251 3619 341 3672 intell.
352 3620 455 3674 hostes.

171 3734 293 3814 Charis.
307 3738 490 3822 11,p.190:
506 3737 549 3802 M.
562 3735 642 3802 Cato
660 3737 692 3798 d.
711 3736 743 3798 d.
761 3736 792 3798 d.
805 3755 835 3798 c.
848 3755 923 3799 suot
938 3733 1016 3800 Inde
1027 3751 1125 3812 pergo
1136 3751 1233 3810 porro

130 3833 175 3890 ire
189 3837 221 3892 in
235 3823 374 3900 Turtam.
396 3837 484 3922 Idem
496 3853 606 3916 supra:
622 3835 730 3918 Itaque
741 3853 837 3912 porro
858 3836 890 3890 in
910 3829 1038 3890 Turtam
1055 3828 1235 3910 preficiscor

130 3948 281 3994 seruatum
296 3933 375 3995 illos.
401 3935 440 4000 lu
455 3934 580 3998 eodem:
598 3932 655 3992 Me
673 3931 835 3993 sollicitum
854 3945 942 4016 atque
961 3932 1131 3988 exercitum
1152 3925 1233 3987 liabi-

129 4042 191 4089 tum
205 4054 275 4095 esse
288 4049 377 4120 atque
388 4056 483 4114 parra
488 4035 576 4116 fore
593 4035 633 4095 ln
647 4035 773 4096 ecdem:
785 4033 869 4098 Eam
885 4053 941 4111 ego
955 4035 1042 4090 viam
1050 4030 1233 4120 pedetentim

129 4129 294 4192 tentabam.

165 4268 192 4316 in
203 4263 326 4338 Turtam]
338 4269 410 4326 uixit
421 4272 530 4326 Turtam
543 4287 592 4340 pro
603 4267 773 4330 Turdetania,
786 4265 917 4340 siquidem
926 4263 1071 4322 Turdetani
1079 4261 1194 4316 Turduli
1207 4271 1234 4312 et
