3212 5326
863 362 927 434 172

490 607 542 672 60.
568 627 694 671 etrorm
715 627 835 686 onemo,
863 632 926 685 Qus
947 599 1075 676 retruso
1097 634 1173 676 nisu
1196 635 1291 678 nrxtr.

387 778 425 837 ln
438 775 547 838 eadem
559 773 726 838 Frontonis
735 775 874 856 Epistola
884 775 980 840 index
993 777 1148 844 orationis
1156 791 1357 844 conservatus
1373 791 1422 842 est
1437 801 1452 839 ε

348 878 423 957 Legi
439 876 563 937 Catonis
583 879 756 936 orationem
770 877 809 936 de
833 875 922 938 bonis
939 877 1064 940 Dulcius
1084 894 1115 940 et
1128 880 1236 950 ulrum,
1255 880 1455 966 quatriduum

345 975 428 1035 diem
446 975 539 1034 dixit.
564 974 610 1035 Ac
623 973 706 1036 subit
719 973 822 1054 aliqua
837 971 984 1058 suspicio,
999 973 1173 1042 orationem
1186 976 1317 1042 lormme
1329 997 1394 1040 non
1405 977 1454 1040 ab

345 1073 402 1134 illa
422 1071 556 1135 alienum
569 1089 649 1142 esse,
667 1089 759 1151 qnam
772 1091 867 1153 snpra
881 1091 914 1156 p.
930 1073 969 1136 63
985 1075 1023 1134 de
1036 1073 1164 1135 tribunis
1178 1075 1310 1134 milium
1332 1093 1453 1136 memo-

340 1169 494 1246 ravimus,
508 1185 562 1234 aut
573 1171 613 1236 ab
625 1189 674 1248 ea,
691 1169 782 1252 cujus
794 1175 875 1254 apud
888 1173 1016 1240 Ptuurc
1040 1195 1092 1238 um
1105 1173 1142 1236 fis
1160 1170 1278 1236 mentio
1287 1173 1454 1239 invitae.

349 1277 380 1336 9.
399 1271 478 1336 Vide
489 1291 521 1354 p.
540 1270 580 1334 90
595 1291 643 1350 sq.

499 1448 550 1510 tt.
581 1467 692 1510 ontrro
714 1467 829 1510 oottrtm
852 1466 1022 1512 conueniunt
1047 1469 1127 1510 arun
1152 1467 1303 1510 rorutun.

393 1609 452 1670 Hic
467 1609 632 1672 Cornelius
653 1610 690 1672 in
710 1611 852 1691 seqttenti
868 1631 988 1693 quoque
1012 1611 1152 1675 oratione
1178 1623 1452 1674 commemoratur.

350 1709 482 1772 Censori
503 1710 615 1774 Catoni
629 1731 698 1774 eam
716 1709 828 1773 tribuit
847 1713 1009 1776 Weberus.
1026 1710 1214 1801 [Videndum
1227 1731 1268 1773 ne
1280 1711 1323 1772 sit
1343 1712 1452 1774 eadem

351 1831 422 1873 cum
439 1808 726 1902 1t‚sapra·p.30.]
766 1859 770 1866 -
1037 1809 1038 1812 ¹
1165 1812 1166 1817 ’

302 1975 304 1979 ,
393 1913 501 1975 Festus
512 1935 521 1974 a
532 1913 694 1993 Repulsior
701 1915 836 1977 secunda
845 1913 1021 1978 conlatione
1032 1912 1112 1976 dixit
1123 1914 1201 1980 Cato
1214 1914 1249 1975 in
1260 1932 1310 1986 ea,
1325 1930 1391 1992 quae
1404 1923 1453 1973 est

352 2023 463 2072 contra
478 2009 658 2076 Cornelium
669 2013 750 2093 apud
761 2012 928 2094 populum:
943 2011 1005 2074 Nec
1018 2015 1088 2095 quis
1099 2011 1251 2081 incultior,
1268 2010 1451 2090 religiosior,

353 2110 521 2180 desertior,
541 2109 673 2188 publicis
693 2115 822 2188 negotiis
845 2109 1006 2187 repulsior.

389 2273 434 2305 nec
448 2253 523 2322 puri]
541 2256 573 2305 In
588 2254 647 2304 eod.
665 2252 737 2304 Festi
755 2252 852 2324 legitur
869 2252 922 2306 ltaec
939 2252 998 2324 quis
1007 2276 1016 2315 ‚·
1037 2255 1204 2326 Augustinus
1225 2250 1348 2304 emendat
1359 2248 1455 2320 ecquis.

390 2384 533 2460 repulsior]
542 2424 543 2428 ,
553 2389 634 2459 magis
645 2387 800 2441 abhorrens.
820 2387 935 2454 [Paullo
952 2401 1013 2442 ante
1025 2389 1089 2442 odit.
1106 2391 1277 2460 Havemsmp.
1292 2397 1320 2440 et
1331 2385 1454 2440 Eubois.

426 2495 454 2544 p.
471 2476 516 2526 131
529 2471 701 2547 irreligiosior.
714 2473 768 2530 Sed
776 2471 916 2546 religiosior
929 2475 998 2528 tueri
1010 2477 1110 2546 poteris
1124 2495 1156 2528 ex
1170 2476 1203 2527 A.
1213 2473 1306 2527 Gellio
1319 2471 1364 2536 IV,
1375 2473 1420 2539 9.]

598 2641 649 2702 62.
674 2659 795 2704 cttottts
816 2660 924 2702 ortano
947 2661 986 2702 ott
1007 2659 1125 2702 sumptu
1150 2659 1225 2700 SUO..

400 2807 526 2888 Insigne
543 2805 633 2888 bujus
654 2800 786 2869 aetionis
809 2807 1016 2886 fragmentum
1038 2806 1119 2889 apud
1139 2805 1330 2868 Frontonem
1357 2812 1458 2864 exstat

359 2905 458 2992 Epist.
477 2909 516 2970 ad
532 2909 722 2970 Antoninum
745 2907 771 2980 1,
800 2907 832 2982 2,
854 2925 887 2988 p.
914 2905 973 2970 149
995 2926 1064 2987 sqq.
1089 2906 1140 2968 ed.
1168 2906 1260 2967 Rom.
1281 2899 1458 2984 :Quoniam

359 3007 475 3071 mentio
493 3019 660 3091 saporatum,
680 3005 788 3068 habita
801 3018 859 3078 est,
876 3025 939 3066 non
953 3005 1104 3080 omittam,
1126 3003 1249 3086 quinte
1270 2999 1455 3084 impertiam,

360 3106 441 3184 qnod
455 3105 493 3164 de
507 3101 606 3182 figura
616 3104 677 3164 ista
689 3102 852 3164 studiosius
861 3098 1146 3177 animadverterim,
1165 3119 1267 3181 neque
1279 3101 1458 3164 Graeeorum

363 3214 522 3262 oratorum
536 3204 635 3278 neque
648 3201 874 3270 Romanorum,
889 3217 964 3278 quos
981 3216 1039 3278 ego
1055 3194 1195 3277 legerim,
1213 3195 1388 3276 elegantius
1402 3195 1458 3256 hae

362 3298 461 3378 figura
475 3318 563 3360 usum
577 3319 769 3380 quemqnam,
787 3319 878 3380 quam
892 3299 934 3358 M.
952 3292 1097 3362 Porcium
1116 3301 1201 3369 inea
1226 3297 1380 3366 oratione,
1397 3313 1458 3378 quae

363 3398 401 3456 de
407 3411 526 3474 sumptu
535 3417 588 3457 suo
597 3397 792 3472 inscribitur,
802 3397 837 3458 in
849 3417 908 3478 qua
920 3396 965 3459 sie
977 3396 1037 3456 ait:
1053 3397 1140 3456 Iussi
1148 3394 1306 3455 caudicem
1311 3396 1457 3478 proferri,

292 3488 335 3560 67
363 3493 415 3554 ubi
429 3514 499 3553 mea
516 3497 614 3554 oratio
633 3499 747 3573 scripta
764 3507 842 3555 erat.
858 3495 907 3552 De
922 3513 959 3552 eo
977 3513 1012 3553 re
1028 3493 1109 3576 quod
1120 3496 1313 3570 sponsionem
1316 3492 1458 3572 feceram

364 3614 433 3652 cum
447 3591 785 3666 memoratarum
796 3592 929 3670 prolatae
940 3617 950 3649 .·
960 3585 1114 3672 majorum
1124 3589 1296 3675 benefacta
1306 3587 1457 3670 perlecta:

364 3693 474 3750 deinde
487 3713 556 3774 quoe
571 3713 628 3771 ego
640 3712 698 3769 pro
715 3691 870 3768 republica
875 3691 1046 3770 fleuissem,
1054 3688 1204 3768 leguntur.
1228 3685 1291 3747 Ubi
1305 3689 1339 3746 id
1351 3701 1461 3746 utrum*

364 3809 422 3872 que
429 3789 597 3866 perlectum
611 3803 668 3857 est,
684 3789 791 3846 deinde
804 3790 949 3864 scriptum
959 3801 1027 3845 erat
1041 3789 1073 3844 in
1083 3790 1223 3846 oratione
1235 3811 1246 3842 .·
1267 3783 1462 3868 «Numquam

365 3908 423 3969 ego
434 3891 597 3966 pecuniam
608 3902 702 3971 neque
713 3905 815 3964 meam
829 3905 924 3968 neque
937 3889 1086 3945 sociorum
1097 3903 1157 3962 per
1163 3882 1363 3943 ambitionem
1374 3880 1463 3942 dilor-

366 3990 444 4064 gitus
464 4005 543 4044 sum.
561 4013 574 4042 n
590 3987 677 4045 Attal
698 3986 774 4064 noli,
791 3985 856 4044 noli
875 3983 1020 4058 scribere,
1039 3989 1185 4068 inquam.-
1201 3983 1396 4050 istud‘nolunt
1411 4001 1457 4038 au·

367 4087 446 4145 dire.
466 4086 585 4146 Deinde
604 4093 759 4151 recitarit:
778 4111 794 4142 a
806 4085 885 4146 Num
901 4107 975 4170 quos
988 4087 1153 4167 proeflrctos
1171 4107 1236 4165 per¹
1246 4089 1398 4146 sociorum
1415 4099 1460 4140 ve-

368 4198 496 4242 strorum
511 4185 620 4261 oppido
643 4188 787 4262 iuposioe',
802 4188 854 4266 qui
866 4204 971 4242 eorum
996 4183 1082 4255 bonu,
1109 4181 1219 4242 liberos
1243 4175 1454 4258 diriperentls
