3212 5326
885 401 930 475 et

357 551 496 610 mentum
510 538 601 620 longe
614 535 736 602 lortius.
761 539 842 604 Nam
856 553 968 604 contra
982 538 1137 607 acutiam
1151 535 1283 613 dixisse,
1306 533 1378 602 eum
1391 537 1464 603 Ser.

356 634 511 722 Sulpicius
532 637 728 708 detenderet,
751 635 851 701 variis
869 633 1061 721 Quintiliani
1083 633 1161 702 locis
1182 636 1306 712 notari,
1333 633 1369 698 in
1389 638 1466 700 Ser.
1582 695 1583 714 ,

356 731 487 820 Sulpicii
501 733 592 798 rebus
607 731 782 798 tractandis
798 732 969 800 docuimus.
993 737 1036 798 ht
1048 735 1131 798 hanc
1145 753 1272 798 causam
1290 754 1354 798 non
1373 737 1468 797 modo

357 844 577 896 antemortem
590 831 734 908 Caesaris,
749 834 804 896 sed
819 830 917 896 etiam
930 845 1003 896 ante
1017 832 1133 896 bellum
1147 829 1242 896 civile
1256 843 1359 894 actam
1374 851 1467 913 opor·
1582 881 1583 922 ,

357 943 414 1008 tet,
429 950 488 1012 quo
503 930 605 993 lorum
619 931 798 1014 eloquentia
817 932 963 1000 orbatum
981 951 1045 994 non
1064 933 1161 994 semel
1173 929 1288 1000 Cicero
1309 928 1465 1012 queritur.
1582 931 1583 980 ἒ

356 1034 404 1094 lta
419 1027 512 1094 etiam
524 1029 739 1114 Quintilianus
748 1034 819 1107 Xll,
834 1035 886 1106 ll,
896 1033 950 1107 28,
959 1052 1054 1118 agere
1063 1031 1196 1116 coepisse
1209 1033 1373 1096 Messalam
1386 1030 1468 1096 dicit
1582 1089 1583 1118 ,

356 1145 390 1198 et
398 1129 582 1212 Pollionem,
595 1155 666 1198 cum
675 1133 788 1197 Cicero
799 1143 904 1198 arcent
917 1131 1101 1214 eloquentie
1114 1147 1248 1198 teneret.
1263 1133 1466 1196 SedLeutnlo

357 1243 390 1294 et
402 1232 552 1303 Marcello
566 1233 668 1306 Coss„
683 1229 795 1314 quibus
814 1229 908 1294 civile
928 1231 1044 1296 bellum
1063 1233 1186 1318 erupit,
1202 1230 1335 1295 Messala
1349 1251 1387 1292 ex
1401 1227 1466 1292 illis
1582 1281 1583 1312 ,

355 1328 743 1396 rationibnsundecimum
763 1353 879 1396 annum
899 1329 1056 1412 ingressus
1077 1345 1157 1396 erat.
1178 1327 1330 1417 [Wiesius
1344 1329 1413 1414 jam
1432 1351 1462 1392 a.

357 1431 400 1498 U.
410 1431 472 1496 679
485 1444 592 1492 uatum
605 1433 729 1507 statuit3
744 1431 798 1492 sed
813 1443 996 1510 argumenta
1009 1429 1090 1512 ejus,
1105 1429 1212 1494 libello
1221 1449 1317 1514 supra
1327 1425 1465 1491 indicato
1582 1473 1583 1504 ,

358 1542 516 1603 carentes,
531 1527 669 1612 adjicere
680 1550 745 1594 non
756 1523 939 1614 potuimus]

402 1629 455 1692 69.
479 1629 542 1691 Sed
562 1627 652 1692 facile
674 1626 860 1710 intelligitur
877 1627 1026 1712 juvenem
1048 1625 1176 1708 ingenio
1196 1621 1460 1698 florentissimum,

358 1723 520 1790 robustum
530 1727 673 1810 juventa,
689 1727 724 1792 in
737 1730 806 1792 loro
820 1729 951 1804 clarum,
964 1742 997 1790 et
1009 1724 1228 1790 vetustissimis
1241 1722 1366 1790 familiae
1376 1725 1464 1786 deco·

358 1817 447 1883 ribus
469 1843 532 1886 non
554 1821 657 1891 minus
676 1845 769 1907 quam
789 1825 946 1888 libertatis
968 1843 1074 1888 amore
1095 1820 1270 1903 insignem,
1291 1817 1466 1884 triumviris

359 1919 436 1980 adeo
457 1917 628 1984 timendum
646 1919 748 1986 visum
768 1943 850 1998 esse,
872 1934 907 1983 ut
925 1942 998 1984 eum
1017 1941 1088 1983 cum
1106 1917 1256 1988 omuibus¹
1269 1919 1337 1985 lere
1354 1914 1464 1980 iisdem

358 2020 553 2086 ornamentis
568 2023 788 2106 prestantibus
798 2021 1046 2106 proscriberent.
1069 2023 1117 2086 De
1131 2019 1253 2102 reliqna
1268 2031 1373 2082 autem
1384 2018 1463 2078 lllcs·

358 2115 431 2178 salae
440 2117 569 2201 juventa
579 2118 660 2182 nihil
670 2141 768 2203 prope
780 2118 893 2183 scitur.
909 2122 989 2182 Nam
1000 2119 1117 2182 cultum
1127 2115 1213 2180 omni
1223 2135 1339 2196 genere
1350 2111 1462 2176 artium

358 2212 549 2290 liberalium,
570 2239 608 2280 ex
628 2217 808 2282 maturioris
827 2216 927 2280 ostatis
946 2231 1105 2302 proventu
1120 2213 1269 2296 colligere
1289 2235 1460 2298 possumus,

358 2315 414 2374 sed
428 2334 528 2396 neque
541 2312 652 2396 quibus
666 2313 824 2394 magistris
842 2335 910 2376 sese
929 2311 1148 2396 applicaverit,
1165 2333 1266 2395 neque
1279 2327 1356 2394 quas
1369 2308 1462 2394 potis·

358 2407 470 2472 simum
481 2409 590 2474 literas
603 2425 799 2476 consectatus
809 2415 915 2492 luerit,
926 2412 1001 2478 satis
1011 2415 1118 2496 liquet.
1136 2409 1299 2478 Ciceronis
1308 2408 1344 2472 in
1354 2408 1464 2493 primis

358 2509 527 2574 studiosum
537 2509 641 2586 luisse,
653 2511 728 2577 olim
740 2512 892 2580 creditum
903 2531 962 2590 est,
973 2519 1028 2580 sed
1041 2535 1105 2578 non
1120 2527 1222 2578 exstat
1234 2513 1301 2598 ejus
1314 2509 1365 2575 rei
1379 2509 1462 2575 testi·

358 2605 497 2670 monium
515 2621 631 2690 praeter
648 2607 828 2674 subdititiae
847 2609 917 2676 illas
938 2614 978 2676 ad
997 2614 1041 2674 hl.
1060 2613 1191 2674 Brutum
1210 2607 1368 2694 epistolas.
1391 2609 1464 2670 Post

360 2723 499 2789 pugnam
513 2703 747 2790 Philippensem
762 2705 874 2791 primis
888 2707 980 2774 annis
995 2711 1167 2772 Antonium
1180 2722 1303 2772 secutus
1311 2719 1370 2780 est,
1386 2726 1461 2768 sent·

359 2824 429 2888 per,
442 2817 476 2866 ut
490 2802 558 2888 ipse
572 2809 652 2890 apud
665 2808 867 2872 Plutarchum
880 2807 914 2874 iu
923 2809 998 2878 Vita
1010 2807 1102 2878 Bruti
1122 2831 1152 2872 e.
1171 2809 1211 2872 tt
1231 2807 1387 2872 comeum
1405 2819 1462 2882 est,

358 2907 399 2969 ab
412 2905 621 2972 honestissimi
636 2911 783 2994 cujusque
794 2909 937 2992 partibus
950 2914 1100 2994 pendens.
1116 2913 1158 2974 Et
1168 2929 1244 2972 sane
1254 2905 1392 2973 militare
1402 2911 1464 2972 dn·

357 3006 438 3072 tonii
453 3007 626 3089 ingenium,
638 3015 774 3076 nondum
784 3013 958 3094 Cleopatrae
971 3009 1131 3076 illecebris
1144 3023 1177 3074 et
1188 3011 1261 3082 luxu
1272 3022 1466 3090 corruptum,

359 3105 544 3176 Caesarianis
563 3107 696 3172 fallaciis
717 3125 751 3172 et
770 3111 905 3174 subdolae
924 3109 1116 3176 simulationi
1136 3111 1370 3194 praeopmudum
1385 3119 1464 3170 erat.
1582 3119 1583 3186 ss

359 3203 422 3266 Sed
436 3217 506 3284 post
519 3201 740 3268 Brundisinam
753 3226 862 3287 pacem
877 3204 920 3290 (a.
934 3208 1007 3295 713)
1024 3223 1057 3272 et
1071 3206 1181 3274 iisdem
1197 3209 1296 3272 lerme
1313 3201 1465 3270 decausis
1582 3279 1583 3304 ,

360 3315 454 3384 atque
466 3303 592 3368 Asinius
605 3303 719 3384 Pollio,
734 3320 841 3390 partes
854 3306 984 3373 Antonii
998 3311 1148 3386 desernit,
1164 3309 1338 3391 Cleopatrae
1353 3307 1418 3370 rim
1433 3318 1464 3366 et

360 3405 531 3468 luxuriosos
541 3403 673 3469 Antonii
684 3429 804 3472 amores
812 3429 950 3492 perosus.
961 3413 1041 3474 Nam
1051 3410 1224 3474 adulatorie
1232 3405 1463 3481 lacitVelleins,
1582 3471 1583 3492 ἶ

360 3525 430 3569 cnm
442 3510 487 3583 ll,
497 3507 550 3583 72,
567 3509 672 3596 statim
684 3522 753 3592 post
766 3529 900 3592 pugnam
911 3509 1143 3595 Philippensem
1154 3508 1347 3577 Gmarianas
1361 3521 1464 3592 partes

360 3605 535 3691 amplexum
545 3595 665 3668 namet.
679 3605 894 3670 Caesarautem
902 3606 1151 3696 rebusgerendis
1161 3609 1345 3692 prudentior
1353 3607 1463 3677 lactus,
1582 3581 1583 3620 ³

360 3697 486 3764 insitam
505 3703 655 3766 saevitiam
673 3701 803 3768 lenitate
822 3705 987 3785 obtegens,
1011 3705 1086 3788 quid
1105 3705 1176 3770 talis
1194 3707 1316 3769 valeret
1335 3701 1460 3776 amicus,
1582 3781 1583 3788 ἵ

362 3794 570 3879 intelligebat.
588 3799 691 3882 Igitur
705 3801 830 3882 auguris
843 3802 1017 3868 sacerdotio
1034 3807 1289 3879 condecoratam,
1304 3816 1341 3864 ut
1354 3797 1465 3864 scribit
1514 3824 1517 3832 ¹

360 3893 422 3958 Dio
430 3897 544 3973 XLIX,
558 3899 609 3972 16,
623 3900 762 3966 Macrob.
777 3901 986 3982 1,16,p.281
1000 3905 1049 3966 ed.
1061 3903 1143 3985 Bip.,
1154 3916 1219 3964 tum
1229 3899 1263 3963 in
1272 3899 1465 3962 devincendo
1582 3973 1583 3978 η

360 3993 431 4062 Sett-
443 3993 591 4079 Pompeio
600 3998 773 4080 adjutorem
783 3995 894 4060 habuit
904 3996 948 4080 (v.
963 3997 1099 4084 Appian.
1114 4003 1151 4062 B.
1163 3999 1283 4074 Cimv,
1296 3998 1357 4062 103
1370 3995 1464 4078 sqq.),

361 4103 427 4154 tum
437 4092 573 4156 Salassos
587 4095 627 4156 ab
642 4115 679 4158 eo
693 4094 826 4158 domitos
839 4095 929 4158 vidit.
950 4097 1004 4160 Sic
1016 4098 1077 4165 Dio
1088 4085 1204 4173 XLIX,
1220 4097 1273 4160 38.
1293 4095 1464 4158 Factahaec
1582 4159 1583 4168 ἶ

361 4190 515 4274 expeditio
529 4212 559 4252 a.
573 4193 645 4258 tta.
662 4195 710 4255 Ad
722 4193 914 4260 consularem
926 4195 1109 4274 dignitatem
1122 4195 1229 4258 eodem
1243 4211 1326 4256 anuo
1340 4201 1464 4255 evectus
