3218 5320
665 423 735 498 299

147 570 261 622 tr'ouem
277 568 385 636 suasit,
403 563 499 626 verba
513 562 578 624 haee
593 577 685 626 suut:
701 565 851 656 Equidem
867 563 941 624 asilii
954 567 1063 626 videor
1071 587 1129 646 pro
1144 583 1249 628 nestra

146 664 323 720 ›recessimte
335 681 396 720 nou
407 659 526 736 labore,
538 680 597 720 riou
609 681 715 740 opero,
728 681 787 720 non
800 663 946 724 industria
956 661 1099 740 definisse.

190 760 275 820 ldcm
287 759 491 837 fragmentum
507 760 588 842 opud
601 757 738 821 Nonium
752 773 854 824 exstat
862 781 893 842 p.
909 759 983 836 354,
998 761 1050 836 10,
1062 782 1088 824 s.
1101 783 1131 824 v.
1143 763 1248 824 Neces-

146 866 233 932 sitas,
246 861 268 922 i.
282 881 310 920 c.
323 857 529 932 necessitudo,
538 859 587 942 jus
599 859 771 934 affinitatis,
785 876 819 924 ut
828 857 875 924 ibi
884 859 1020 948 Gellius-¹

301 1078 367 1139 7-9.
393 1094 561 1140 1111101111
576 1097 606 1137 ru
624 1095 653 1136 c.
667 1093 817 1138 1111111111
831 1097 868 1138 ur
883 1100 911 1139 u.
925 1095 1088 1140 uourrruu.
1279 1055 1352 1126 ¹8⁴2

185 1285 356 1348 Scholiasta
371 1286 596 1349 Ambrosianus
611 1285 650 1346 ari
665 1283 769 1348 Cicer.
780 1284 870 1349 Orat.
892 1304 950 1367 pro
964 1283 1074 1350 *Sextio
1090 1305 1120 1346 e.
1138 1287 1188 1358 18,
1210 1285 1245 1360 2,

143 1387 187 1466 (p.
201 1386 259 1448 297
271 1387 319 1447 erl.
333 1386 463 1469 Orelli:
480 1386 528 1446 De
541 1385 618 1447 actis
628 1384 766 1465 loquitur
777 1384 922 1468 (Cicero),
935 1405 1001 1468 quoe
1011 1385 1120 1448 babuit
1131 1383 1164 1448 in
1178 1406 1250 1448 cou-

142 1485 244 1546 sulatu
261 1485 298 1548 C.
317 1486 419 1550 Ceasar
432 1486 639 1568 inauspicato,
657 1497 691 1545 ut
704 1485 887 1548 videbatur:
904 1507 963 1569 qua
986 1489 1025 1549 de
1047 1508 1082 1548 re
1103 1488 1249 1550 adversus

141 1605 211 1645 eum
226 1590 357 1664 egerant
371 1585 403 1650 in
419 1597 527 1647 senatu
542 1584 578 1644 C.
593 1585 770 1645 Memmius
784 1598 816 1650 et
829 1587 867 1646 L.
880 1571 1038 1648 Domitius
1052 1599 1201 1668 praetores
1217 1598 1249 1645 ct

141 1689 236 1759 ipsius
251 1687 383 1746 Ccesau's
397 1690 552 1758 orationes
567 1701 674 1745 contra
696 1683 751 1744 lios
769 1702 903 1760 exstant,
918 1687 1028 1768 quibus
1050 1701 1082 1748 et
1101 1706 1156 1748 suo
1179 1701 1246 1748 octa

139 1786 278 1845 defendit
292 1797 323 1846 et
335 1786 406 1847 illos
418 1783 603 1848 insectatur.

182 1881 310 1942 Sueton-
324 1881 403 1946 ces.
418 1903 448 1942 c.
460 1881 519 1943 23:
537 1883 675 1942 Functus
690 1881 853 1944 consulatu
867 1881 972 1945 Cesar
985 1883 1021 1946 C.
1034 1877 1178 1944 Memmio
1189 1885 1247 1944 Ln-

137 1979 246 2058 cioque
260 1977 396 2039 Domitio
416 1980 598 2060 praetoribus
612 1981 650 2042 de
665 1979 834 2061 superioris
851 1977 1023 2064 anniceris
1038 1979 1247 2042 referentibus

139 2079 348 2157 cognitionem
363 2077 485 2142 senatui
500 2082 624 2156 detulit,
650 2100 708 2142 nec
729 2080 783 2143 illo
803 2080 991 2162 suscipiente
1006 2076 1169 2162 triduoque
1184 2102 1240 2160 per

140 2177 253 2238 irritas
263 2175 482 2239 altercationes
494 2179 655 2260 absumpto
668 2173 702 2238 iu
715 2174 911 2259 provinciam
923 2173 1011 2238 abiit.
1096 2234 1099 2240 .

182 2271 354 2336 Scholiasta
369 2275 513 2336 Ambros.
527 2276 565 2336 ad
575 2273 643 2338 Cic.
660 2271 719 2336 Or.
733 2273 766 2334 in
776 2269 941 2338 Vatinium
959 2295 988 2336 e.
1003 2277 1035 2348 6,
1049 2274 1066 2336 3
1080 2268 1132 2360 (p.
1149 2274 1242 2358 siti:

136 2369 342 2436 Commiserat
357 2373 478 2432 senatui
494 2392 624 2436 causam
638 2391 725 2432 suam
739 2371 776 2434 C.
789 2373 904 2446 Caesar,
927 2371 958 2432 id
978 2385 1040 2446 est,
1062 2385 1098 2434 ut
1118 2373 1156 2434 dc
1178 2372 1245 2452 lege

138 2473 267 2552 agraria
283 2487 388 2554 patres
399 2470 588 2552 judicarent,
607 2470 656 2534 lbi
672 2467 757 2532 cuim
769 2471 884 2534 habim
895 2485 966 2534 sunt
980 2486 1042 2534 tres
1057 2471 1117 2530 ille
1130 2476 1245 2531 oratin-

137 2592 190 2629 nes
206 2586 312 2630 contrat
326 2570 494 2628 Domitium
507 2583 536 2626 et
547 2569 747 2628 Memmium.

177 2668 276 2728 Causa
288 2663 323 2726 in
336 2685 451 2727 artuum
467 2668 509 2731 U.
521 2685 549 2725 e·
561 2667 622 2740 695
633 2664 756 2728 incidit.
772 2664 810 2728 C.
823 2664 983 2729 Memmius
1003 2679 1109 2728 orator
1128 2677 1159 2726 et
1181 2665 1244 2726 ini-

136 2765 234 2826 micus
243 2759 374 2826 Caesaris
387 2781 479 2844 supra
490 2759 632 2821 laudatus
644 2773 703 2822 est.

557 2995 814 3012 m

178 3174 265 3235 Suet.
274 3171 349 3230 Caes.
364 3189 393 3230 c.
405 3170 461 3230 552
474 3171 582 3231 Genus
593 3169 777 3249 eloquentiae
787 3168 938 3228 duntaxat
949 3167 1129 3228 adolescens
1142 3165 1241 3228 adhuc
1264 3152 1269 3164 ’

134 3268 299 3335 Strabonis
313 3268 445 3331 cesaris
457 3279 578 3328 secutus
592 3266 728 3340 videtur,
746 3265 834 3347 cujus
848 3264 943 3327 etiam
957 3285 994 3326 cx
1008 3261 1161 3338 oratione,
1175 3287 1241 3346 quae

134 3364 320 3432 inscribitur
326 3365 393 3426 Pro
403 3367 525 3436 Sardis,
538 3365 576 3424 ad
591 3361 721 3425 verbum
737 3363 886 3428 nonnulla
902 3363 1245 3446 111111111ιί11ίηὶὶίνίιια-1

134 3470 249 3525 tionem
263 3460 332 3549 (19)
344 3483 443 3522 suam.
462 3463 622 3521 Orationes
636 3461 754 3546 aliqum
775 3461 913 3545 reliquit,
934 3465 1011 3519 iuter
1029 3479 1105 3543 quas
1124 3473 1241 3518 temere

133 3561 436 3646 quaedamferumur.
452 3557 523 3619 *Pro
546 3557 587 3638 Q.
599 3557 735 3618 *Metello
749 3553 816 3641 (11)
835 3548 897 3621 111111
913 3558 1071 3620 immerito
1085 3559 1242 3636 Augustus

133 3664 290 3726 existimat
297 3657 397 3740 tnagis
406 3659 446 3722 ab
457 3655 605 3723 actuariis
613 3671 774 3741 exceptam
786 3659 866 3721 male
875 3655 1133 3740 subsequentibus
1141 3657 1239 3720 verba

134 3761 265 3823 dicentis
279 3779 371 3840 quam
385 3758 425 3820 ab
440 3757 507 3841 ipso
521 3755 648 3819 editam.
668 3757 748 3818 Nam
762 3757 796 3818 in
811 3753 993 3838 quibusdam
1007 3755 1241 3838 exemplaribus

132 3856 274 3932 invenio,
295 3878 334 3918 ne
354 3855 539 3938 inscriptam
559 3853 683 3936 quidem
699 3851 762 3914 Pro
776 3853 904 3915 Metello
928 3855 981 3916 sed
998 3873 1092 3939 quam
1115 3859 1241 3932 scripsit

136 3955 270 4028 Metello,
287 3973 358 4015 cum
372 3973 410 4016 ex
426 3973 561 4037 persona
578 3953 709 4018 Caesaris
722 3970 824 4014 sermo
839 3950 890 4026 sit,
906 3949 1063 4014 Metellum
1076 3971 1170 4033 seque
1185 3953 1237 4013 ad·

133 4071 241 4114 versus
247 4053 461 4115 communium
469 4051 716 4115 obtrectatorum
724 4049 958 4114 criminationes
966 4048 1137 4132 purgantis.
1149 4051 1244 4129 Apud

134 4153 245 4212 milites
264 4171 384 4236 quoquc
406 4159 435 4212 in
456 4153 602 4232 Hispania
623 4154 705 4215 idem
727 4158 881 4232 Augustus
902 4151 1076 4216 orationem
1097 4172 1163 4216 essc
1184 4147 1237 4210 vix

133 4245 228 4332 ipsius
252 4261 357 4334 putat,
384 4271 451 4333 quse
474 4263 578 4315 tanun
603 4251 715 4332 duplex
733 4248 785 4333 (12
808 4265 840 4313 ct
861 4249 910 4329 13)
931 4250 1040 4325 fertur,
1067 4269 1128 4310 una
1150 4247 1236 4329 quasi
