3288 5344
175 583 300 648 stravit.
320 585 441 660 Notior,
459 603 632 666 quanquam
646 605 755 666 parum
771 586 910 659 honeste,
928 587 977 647 M.
993 578 1278 674 Brumaqu'iaccn·

177 687 326 748 satoriam
338 687 434 746 vitam
456 686 619 747 factitavit.
645 682 696 771 [V.
715 688 752 748 ir.
772 709 803 768 p.
832 689 886 750 131
907 687 970 776 sq]
987 687 1077 754 Cotti.
1100 693 1166 756 cie.
1187 698 1277 760 Brut.

178 809 210 850 c.
228 787 280 858 34,
300 785 373 856 tao,
393 784 486 850 Ollio.
513 787 554 860 ll,
575 787 625 864 ll,
639 801 700 850 etc.
720 789 780 852 Sed
804 789 917 854 Cicero
932 790 1085 854 invidiose
1098 792 1181 869 iacit,
1198 801 1280 878 quod

179 889 286 968 inepta
296 888 409 953 Graeca
422 899 455 947 at
469 888 609 954 Romana
621 891 825 970 componendi
836 891 1005 972 eupiditate
1019 892 1102 954 lmne
1112 893 1278 972 hominem,

180 984 267 1048 unda
279 985 411 1046 honesta
425 994 495 1046 arte
510 996 634 1057 nomm,
653 987 687 1048 in
706 987 774 1048 loco
789 987 879 1048 Bruti
898 1003 968 1053 enta
986 989 1178 1054 sanctissimo
1191 996 1284 1060 athe·

180 1082 332 1146 niensium
346 1084 491 1166 Lycurgo
502 1098 674 1166 eomparat.
795 1123 799 1132 ·

227 1181 279 1243 32.
301 1181 449 1260 Sequitur
462 1182 512 1242 vir
526 1183 574 1243 his
592 1183 684 1261 longe
698 1183 850 1264 superior,
872 1185 913 1264 Q.
933 1183 1069 1246 Lutatius
1085 1187 1123 1269 Q.
1137 1187 1179 1248 F.
1197 1189 1284 1250 Catu·

180 1285 228 1344 lus
235 1307 248 1356 ,·
269 1283 309 1342 de
324 1301 384 1361 quo
398 1281 474 1344 sotis
488 1282 745 1359 testimoniorum,
770 1287 1074 1366 praeterquamquod
1091 1306 1143 1352 res
1158 1287 1287 1354 bellicas

181 1399 216 1448 et
233 1391 364 1448 mortem
378 1383 502 1457 attinet,
526 1404 589 1446 nou
604 1397 727 1451 exstare
741 1385 906 1449 dolendam
925 1397 984 1448 est.
1001 1386 1060 1448 llio
1074 1388 1176 1464 gentis
1189 1390 1287 1454 inter·

183 1493 338 1546 mortuam
355 1479 486 1558 gloriam
500 1481 697 1546 instauravit.
714 1483 792 1544 Nam
807 1495 876 1562 post
896 1482 933 1544 C.
958 1482 1126 1559 Lutatium,
1143 1485 1196 1564 qui
1211 1507 1285 1548 oon·

181 1583 230 1644 sul
246 1581 322 1644 vitio
339 1581 437 1642 laetata
457 1600 490 1640 a.
507 1583 548 1646 U.
566 1582 627 1646 533
644 1601 714 1646 eam
729 1583 847 1661 collega
865 1602 898 1646 se
912 1581 1095 1660 magistratu
1113 1583 1284 1664 abdicavit,

184 1703 274 1745 nemo
296 1684 334 1744 ad
353 1699 487 1747 summm
507 1681 641 1745 honores
658 1695 857 1765 pervenerat.
879 1683 927 1746 De
950 1680 1041 1762 hujus
1054 1686 1288 1764 magistratibus

184 1803 247 1846 non
257 1793 391 1855 metat,
408 1793 441 1842 et
450 1781 564 1846 loetum
576 1783 618 1844 ob
633 1799 788 1846 annornm
797 1783 952 1846 rationem
963 1783 1044 1863 quod
1056 1797 1239 1864 quaestorem
1254 1807 1284 1848 a.

184 1881 262 1956 632,
282 1879 445 1942 tribunum
466 1877 540 1952 tat,
557 1880 678 1942 aedilem
693 1880 768 1952 till,
784 1892 949 1961 praetorem
965 1881 1038 1951 645,
1056 1881 1132 1944 tacit
1145 1883 1285 1962 Pighius.

183 1981 263 2044 Nam
278 1976 471 2042 consulatum
493 1995 522 2036 a.
546 1977 606 2038 ott
630 1978 742 2058 petisse
760 1991 791 2039 et
810 1977 858 2041 bis
878 1977 1033 2058 repulsum
1047 1979 1083 2046 C.
1102 1981 1199 2042 Atilio
1217 1981 1288 2045 Ser·

185 2095 278 2147 rano,
294 2072 348 2153 qui
358 2091 421 2134 non
434 2072 519 2138 omni
533 2073 642 2137 saltem
662 2073 750 2134 laude
765 2086 900 2146 careret,
923 2073 1084 2136 sedetiam
1099 2073 1160 2138 Cn.
1171 2076 1288 2140 Manlio

184 2174 232 2258 (a.
250 2170 569 2256 sompniantium,
592 2171 712 2236 homini
731 2173 798 2235 sine
811 2173 947 2252 ingenio,
969 2173 1035 2262 sine
1051 2172 1178 2248 virtute,
1202 2176 1288 2243 deui-

186 2288 246 2352 que
264 2289 305 2332 ne
317 2269 419 2348 gratia
436 2269 560 2348 quidem
574 2282 627 2330 aut
637 2269 779 2352 populari
791 2271 882 2332 laude
896 2268 1033 2342 florenti,
1051 2270 1174 2332 disertis
1183 2271 1291 2335 verbis

185 2381 286 2434 exstat
299 2369 380 2450 apud
397 2365 465 2441 Cic.
482 2366 538 2430 Or.
561 2387 620 2448 pro
643 2367 750 2431 Plane.
773 2389 800 2430 c.
819 2367 855 2443 5,
876 2369 929 2450 qui
944 2367 1042 2430 mttlta
1056 2367 1101 2430 ibi
1120 2369 1288 2450 insignium

186 2471 379 2552 repulsarum
390 2469 529 2550 exempla
542 2465 675 2548 colligit.
699 2471 815 2534 Consul
830 2472 952 2534 demtum
969 2490 1039 2532 cum
1054 2471 1154 2532 llario
1168 2492 1198 2534 a.
1227 2472 1285 2534 651

185 2572 297 2645 lactus,
319 2580 388 2651 post
409 2568 623 2647 magistratum
638 2584 806 2650 prorogato
831 2571 964 2654 imperio
978 2569 1013 2630 in
1027 2570 1207 2634 societatem
1227 2573 1290 2636 lau·

186 2673 259 2733 dum
272 2669 311 2734 C.
325 2667 431 2740 Marii,
448 2667 563 2730 veteris
578 2669 715 2746 collegae,
733 2669 888 2749 pervenit.
902 2671 963 2732 Sed
981 2689 1081 2752 neque
1094 2669 1171 2746 hac,
1189 2691 1291 2754 neque
1326 2701 1328 2704 ·

187 2783 332 2844 mortem,
350 2767 400 2832 cui
413 2787 468 2830 sua
483 2768 553 2828 vice
565 2767 734 2828 crudeliter
748 2779 930 2848 parentatus
938 2769 1023 2831 Sulla
1038 2767 1155 2831 dicitur
1170 2789 1219 2850 ap.
1239 2771 1291 2834 se-

72 2937 74 2941 ,
188 2863 299 2938 {tectam¹
312 2871 359 2932 De
371 2869 420 2934 ira
431 2869 500 2940 lll,
519 2868 575 2950 18,
593 2886 693 2945 neque
707 2867 773 2946 ejus
787 2881 1003 2944 monumenta,
1028 2867 1184 2952 inprimis
1197 2871 1293 2950 porti·

189 2988 260 3030 cum
274 2985 355 3046 saepe
369 2955 515 3027 Ciceroni
530 2973 742 3036 memoratam,
761 2961 837 3024 satis
849 2963 931 3029 notis
942 2975 1103 3026 anctorum
1109 2965 1294 3029 esurientis

190 3059 426 3149 eumulahimus.
443 3059 505 3120 Sed
519 3056 685 3120 eruditioni
699 3073 731 3119 et
744 3057 932 3120 humanitati
945 3059 1048 3122 Catali
1062 3080 1166 3135 veras,
1194 3072 1228 3122 ut
1241 3061 1288 3124 vi·

190 3163 292 3234 detur,
309 3157 418 3219 'multis
436 3155 512 3220 loeis
532 3157 636 3218 landes
650 3157 771 3218 tribuit.
796 3158 909 3221 Graece
928 3159 1137 3222 doctissimum
1157 3159 1233 3222 lacit
1244 3161 1294 3222 De

153 3277 154 3280 ¹
190 3265 271 3320 orat.
290 3258 332 3330 ll,
349 3255 383 3321 t:
399 3253 510 3315 nrultas
523 3253 631 3314 literas
641 3253 911 3335 suavissimamque
923 3275 992 3318 cum
1007 3275 1125 3319 summa
1138 3257 1294 3338 gravitate

191 3377 288 3440 genus
317 3353 441 3417 dicendi
470 3353 625 3436 praecipue
653 3353 757 3414 Latini
789 3355 941 3417 sermonis
978 3368 1010 3418 et
1042 3357 1295 3440 appellandarum

191 3457 354 3524 literarum
372 3453 533 3536 elegantiae
548 3451 690 3534 junctum
716 3453 746 3515 ei
773 3455 961 3537 adscriptum
984 3457 1121 3522 videmus
1141 3458 1232 3522 Brut.
1263 3477 1292 3520 e.

194 3556 257 3628 35,
284 3557 332 3620 De
361 3568 440 3620 orata
472 3554 527 3628 lll,
559 3552 600 3614 38
630 3548 721 3628 (coll.
749 3551 882 3634 Quintil.
913 3555 978 3626 xl,
1006 3554 1049 3628 3,
1080 3553 1151 3638 35),
1175 3565 1297 3616 rectum

193 3663 297 3714 autem
321 3665 354 3713 et
375 3649 539 3734 pulchrum
565 3645 747 3730 assequendi
766 3647 900 3710 εῑιιᾱίιιιῐι
922 3651 985 3712 Pro
1007 3651 1103 3712 Arch.
1132 3669 1161 3710 e.
1196 3649 1233 3730 33
1266 3665 1301 3714 ut

194 3751 288 3832 plane
316 3750 443 3812 Laelium
475 3747 575 3810 visum
596 3767 663 3811 esse
685 3745 757 3828 jure
779 3747 1006 3827 pronuntieturv
1021 3745 1143 3810 manat.
1171 3749 1210 3823 V,
1244 3752 1294 3813 to.

195 3841 287 3916 Unde
313 3845 504 3928 elegantibus
529 3845 596 3926 ejus
619 3843 720 3906 literis
740 3844 825 3906 dedit
856 3845 985 3919 Cieero,
1017 3847 1098 3928 quod
1119 3845 1297 3930 disputatio*
1385 3847 1387 3851 ’

196 3951 245 4014 uis
264 3951 312 4012 De
332 3963 457 4012 oratore
473 3962 595 4032 partem
616 3946 735 4008 hahere
756 3947 864 4008 voluit.
881 3947 953 4012 Non
971 3947 1081 4030 exigua
1096 3947 1252 4028 elegantia
1265 3947 1299 4010 in

198 4051 314 4119 duobus
328 4051 389 4116 illis
403 4048 638 4138 epigrammatis
654 4047 757 4110 inesse
771 4047 906 4122 videtur,
934 4060 1001 4136 quae
1014 4050 1095 4133 apud
1109 4051 1148 4112 Α.
1164 4049 1302 4116 Gellium

199 4149 286 4224 xta,
305 4149 336 4221 9,
353 4160 385 4210 et
398 4147 465 4210 Cic.
481 4149 530 4216 De
545 4159 611 4211 nat.
625 4146 727 4206 deor*
741 4147 768 4218 l,
785 4144 986 4242 28,·exstant.
1003 4146 1150 4213 Ceterum
1161 4147 1302 4211 earmina

1157 4259 1174 4317 6
