3200 5344
649 421 720 496 tta

135 561 231 624 tionis
245 559 372 624 flectere
387 556 654 642 animosjudictrm
669 561 721 623 rix
743 573 846 644 posset
856 579 915 624 nec
935 563 1238 642 omninoeogensre

134 659 265 732 «liceret,
282 659 446 722 tractando
458 671 563 722 tamen
575 657 767 742 impellebat,
783 675 818 724 ut
828 663 910 725 idern
925 661 1070 724 lacerent
1082 683 1100 724 a
1114 683 1146 725 se
1156 683 1238 728 corn·

134 762 217 832 moti
239 763 319 844 quod
339 758 509 842 asulpieio
520 759 682 824 concitati.

45 849 46 854 ¹
178 860 245 920 Cic.
273 857 400 931 Orator,
418 877 448 919 c.
462 856 513 932 99,
539 857 621 921 132:
637 859 755 924 Uterer
764 855 913 941 exemplis
927 856 1113 934 domesticis,
1130 859 1190 920 nisi
1203 881 1241 923 ea

134 957 278 1035 legisses3
294 967 402 1016 uterer
413 951 584 1017 alieuisrel
596 951 726 1030 latinis,
740 955 766 1017 si
778 957 1033 1040 ullnreperim
1042 955 1096 1019 rel
1105 954 1238 1028 Graecis,

136 1055 163 1114 si
177 1055 316 1116 deceret.
336 1051 397 1116 Sed
421 1051 524 1114 Crassi
539 1071 694 1135 perpauca
709 1067 797 1128 sunt,
814 1074 874 1118 uec
896 1075 934 1120 es
943 1056 1141 1138 judiciorum.
1158 1054 1243 1118 Nihil

139 1155 279 1231 Antonii,
294 1156 374 1222 nihil
385 1154 494 1232 Cottae,
511 1154 589 1218 nihil
600 1154 743 1237 Sulpicii.

173 1304 240 1357 nillil
250 1306 355 1374 Cotloe]
367 1309 458 1376 Quum
473 1305 501 1357 in
521 1307 603 1358 Bruto
617 1322 642 1356 c.
662 1303 706 1366 49,
722 1303 755 1356 55
774 1317 801 1357 ct
817 1307 862 1367 58,
876 1303 955 1359 Cotta
976 1317 1006 1358 et
1024 1303 1160 1380 Sulpicius
1179 1315 1242 1360 mm-

205 1411 285 1462 quam
304 1403 381 1444 aetate
402 1391 518 1462 aequales
535 1403 563 1443 et
581 1390 609 1443 in
629 1389 742 1443 dicendo
757 1409 835 1462 pares
850 1409 868 1444 s
888 1389 1017 1445 Cicerone
1034 1388 1242 1464 conjunguntur,

210 1479 266 1532 reri
287 1477 375 1532 simile
391 1490 443 1544 est,
465 1479 494 1532 iu
514 1477 634 1532 Oratoris
655 1495 762 1549 quoque
783 1478 841 1535 loco
857 1477 964 1537 eusdem
985 1478 1189 1552 intelligendos,
1209 1481 1241 1532 C.

209 1565 348 1618 Aurelium
361 1567 464 1618 Cottum
474 1577 502 1618 et
511 1566 542 1618 P.
558 1563 708 1638 Sulpicium
719 1564 830 1620 linium.
844 1565 919 1620 Patet
932 1565 1024 1638 igitur,
1035 1565 1140 1620 Cottam
1155 1567 1243 1638 ipsum

206 1647 277 1700 nilril
294 1648 423 1718 scriptum
437 1646 588 1717 reliquisse.
608 1645 727 1698 AElianss
738 1665 801 1698 vero
818 1647 952 1701 orationes
967 1647 1086 1702 voluisse
1098 1647 1245 1702 existimari

206 1725 279 1784 suss'.
298 1732 387 1784 Unum
406 1728 594 1802 fragmentum,
615 1728 687 1799 quod
708 1729 779 1800 apud
799 1729 951 1784 Chat-isium
973 1741 1069 1794 cntst,
1089 1741 1243 1802 corruptum

209 1817 324 1870 ridetur.

178 1967 248 2031 Cic.
263 1965 391 2044 Orator,
403 1985 433 2027 c.
452 1963 492 2028 30
507 1987 515 2026 ε
530 1963 623 2026 Nihil
627 1961 729 2045 ample
742 1961 842 2038 Cotta,
859 1963 938 2026 nihil
951 1963 1066 2028 leniter
1075 1959 1242 2050 Sulpicius,

136 2084 200 2126 non
214 2063 311 2126 multa
327 2061 466 2142 graviter
478 2059 672 2124 Hortensius.

178 2159 247 2223 cic.
263 2161 352 2221 Brut.
369 2179 399 2221 c.
416 2159 469 2234 56,
483 2157 544 2222 205
559 2183 568 2218 r
584 2155 681 2217 Cottae
693 2175 756 2235 pro
773 2175 807 2214 se
820 2153 887 2234 lege
901 2153 1005 2214 Vario
1019 2177 1090 2240 qum
1103 2157 1244 2218 inscribi·

137 2255 267 2340 tur(int.
285 2251 412 2342 oratio),
430 2275 499 2318 cam
515 2253 552 2317 L.
569 2253 667 2316 AElius
682 2251 808 2334 scripsit
821 2251 918 2315 Coae
931 2267 1094 2334 rogatu...
1121 2253 1245 2322 Cottam

137 2355 247 2433 miror,
268 2375 422 2418 summum
436 2355 537 2439 ipsum
559 2367 715 2418 oratorem
729 2351 919 2436 minimeque
939 2353 1091 2438 ineptum,
1110 2353 1245 2418 manas

135 2455 222 2520 leros
235 2456 448 2520 oratiunculas
462 2452 596 2520 soluisse
605 2447 778 2517 existimari
791 2471 872 2516 suas.

135 2621 193 2693 lege
206 2619 307 2689 Varia]
322 2621 472 2674 Damnatus
483 2629 526 2672 sst
537 2619 616 2672 Cotta
628 2617 686 2690 lege
699 2617 781 2671 vim
793 2633 818 2670 s.
832 2618 866 2670 U.
877 2617 941 2674 969.
1278 2607 1345 2684 164

179 2769 322 2848 Legimus
334 2769 508 2833 orationem
521 2765 559 2829 C.
576 2763 676 2828 Cottae
699 2761 846 2836 consulis,
859 2783 889 2824 a.
906 2722 948 2832 il
966 2765 1027 2828 titt
1039 2765 1190 2842 habitatu,
1208 2767 1242 2831 in

135 2868 264 2932 Sallust.
279 2869 405 2948 Fragm.
421 2886 453 2948 p.
471 2865 532 2930 999
549 2859 596 2954 [et
609 2857 769 2927 exOrellii
779 2855 964 2924 recensione
977 2864 1146 2926 secundum
1158 2867 1244 2932 Voti·

136 2985 234 3028 canos
247 2965 337 3028 codd.
358 2963 391 3026 in
403 2963 478 3024 edit.
496 2957 697 3024 collectionis
710 2957 981 3022 Panclrouelriante
995 2979 1026 3042 p.
1043 2957 1104 3024 283
1118 2953 1199 3048 sq.].

180 3065 303 3129 Charis.
316 3065 362 3140 ll,
374 3083 408 3146 p.
423 3063 481 3128 195
495 3082 504 3122 t
522 3061 559 3124 C.
573 3059 665 3126 Cotta
676 3059 801 3144 proCn.
813 3054 941 3123 Vsterio
954 3055 1037 3125 libro
1051 3060 1170 3146 primo:
1185 3061 1244 3122 Hic

137 3188 208 3227 cum
222 3170 370 3245 optimus,
385 3180 418 3224 tu
427 3165 466 3224 de
479 3178 530 3224 tna
540 3177 658 3244 sponte,
671 3161 719 3222 ba:
737 3183 807 3221 cum
818 3160 980 3242 religione.

174 3328 208 3382 C.
225 3328 322 3395 Cotta]
337 3327 458 3400 suspicor
475 3325 616 3400 legendum
628 3345 686 3380 esse
701 3326 768 3379 Cato
776 3343 828 3397 pro
841 3323 961 3390 Veturio,
980 3325 1061 3398 idque
1077 3328 1174 3382 iterum
1185 3348 1245 3383 cor-

209 3427 319 3488 ruptum
336 3428 378 3468 est
391 3434 439 3486 pro
458 3414 526 3468 Calo
542 3413 569 3466 tis
587 3411 743 3478 Veturium,
764 3411 845 3465 sicuti
866 3412 895 3464 in
915 3408 1005 3466 Nonio
1021 3431 1127 3486 quoque
1145 3414 1245 3470 alicubi

210 3503 277 3556 Calo
281 3520 333 3573 pro
341 3498 451 3556 Veturio
462 3519 511 3574 par
521 3517 636 3563 errorem
653 3499 762 3572 legitur,
775 3498 809 3552 de
820 3515 875 3570 qua
887 3517 916 3552 re
928 3498 1080 3554 monuimus
1091 3519 1120 3572 p.
1138 3503 1183 3556 32.
1197 3502 1245 3556 El-

208 3585 293 3640 lendt.
312 3598 400 3640 autem
420 3583 449 3638 iu
462 3581 578 3639 Charisii
592 3581 651 3636 loco
663 3581 838 3636 Messalinum
852 3579 967 3645 Cottam,
982 3581 1091 3634 Corvini
1103 3581 1189 3636 lilium
1202 3584 1246 3636 in-

210 3671 318 3746 arrigo.

180 3825 249 3891 Cic.
266 3827 356 3888 Brut.
377 3843 408 3887 c.
435 3783 487 3898 99,
514 3821 573 3886 stt
590 3842 598 3883 t
617 3822 688 3884 Duo
702 3833 767 3909 tunt
779 3819 976 3884 excellebant
986 3829 1138 3896 oratores,
1154 3818 1247 3888 Cotta

136 3941 170 3991 et
184 3923 383 3998 Hortensius,
399 3925 452 4006 qui
470 3944 519 3987 nse
533 3922 679 3988 imitandi
700 3918 872 4003 cupiditate
894 3919 1076 3984 incitarent.
1102 3922 1246 3988 videram

136 4026 171 4088 in
183 4022 294 4092 iisdem
304 4023 418 4099 causis,
443 4036 477 4084 ut
488 4042 550 4101 pro
567 4017 617 4078 Μ.’
635 4019 790 4093 Canuleio,
804 4039 867 4096 pro
882 4018 941 4080 Cn.
965 4017 1131 4078 Dolabella
1142 4039 1247 4082 waso.

137 4126 211 4199 lari,
237 4125 420 4188 cumCotts
438 4116 757 4205 princepsstlhilritas
776 4131 868 4195 cust,
890 4117 1013 4201 priores
1028 4129 1134 4182 tamen
1152 4117 1247 4201 agere

139 4237 246 4305 partes
257 4222 465 4287 Hortensium.
777 4225 780 4232 ’
