3288 5344
362 1005 631 1118 EDITOR
667 1003 1137 1118 LECTORIBUS.

187 1883 191 1890 ·
243 1851 337 1921 Cum
349 1847 514 1946 reliquias
531 1863 711 1920 oratorum
723 1846 1012 1936 clarissimorum,
1026 1873 1121 1947 quos
1136 1850 1296 1926 Romana

188 1973 277 2046 tulit
292 1972 509 2069 respublica,
530 1973 788 2068 perquirerem,
811 1987 847 2042 et
863 1974 1035 2046 rationem
1053 1975 1296 2049 occasionem·

188 2119 267 2192 que
279 2091 479 2166 orationum
497 2117 540 2166 ex
558 2095 726 2166 memoria
738 2093 965 2191 antiquorum
983 2109 1181 2194 temporum
1194 2123 1296 2194 repe-

186 2233 320 2302 terem,
336 2218 374 2288 in
389 2217 545 2288 maximis
557 2217 842 2316 gravissimisque
856 2219 983 2307 causis,
997 2243 1078 2316 qnae
1092 2220 1293 2294 etiamnunc

187 2343 347 2415 animam
364 2357 527 2414 nostrum
546 2345 680 2440 agitant
695 2359 805 2440 utque
822 2343 986 2442 implent,
1011 2347 1143 2418 versari
1161 2343 1293 2443 pleras-

185 2491 263 2564 que
282 2465 452 2539 intellexi.
478 2468 572 2540 Cum
589 2467 718 2564 deinde
735 2465 959 2566 splendorem
977 2467 1294 2565 pulchritudinem·

188 2613 263 2688 que
278 2589 567 2687 fragmentorum,
584 2615 666 2689 quae
681 2588 821 2688 collegi,
840 2589 919 2689 plus
934 2606 1077 2666 eentum
1087 2605 1288 2682 oratorum,

189 2717 257 2810 qui
275 2717 452 2790 orationes
471 2719 619 2814 scriptas
639 2716 878 2815 reliquerunt,
898 2719 1134 2816 perspicerem
1155 2733 1190 2790 et
1211 2721 1290 2790 uni·

188 2867 331 2916 versam
343 2869 464 2917 earum
478 2845 595 2918 studio
610 2867 650 2914 ac
665 2845 873 2937 cogitatione
884 2845 1074 2938 imaginem
1088 2845 1289 2920 adumbras-

188 2991 280 3056 sem,
306 2970 429 3040 eadem
447 2971 548 3065 quasi
568 2968 718 3064 quadam
739 2967 969 3040 admiratione
986 2968 1195 3057 imbuebar,
1213 2995 1289 3068 qua

189 3092 363 3162 excitatus
377 3091 438 3178 sui,
455 3115 536 3163 cum
550 3108 630 3164 ante
644 3091 715 3164 hoc
728 3091 908 3164 biennium
919 3093 1045 3166 Romae
1054 3095 1178 3192 ipsios,
1192 3097 1288 3192 capi·

191 3215 235 3285 tis
259 3213 437 3305 quondam
454 3214 549 3286 orbis
565 3230 751 3302 terrarum,
769 3231 1001 3288 monumenta
1017 3215 1153 3314 reliqua
1163 3216 1284 3314 perlu-

183 3339 357 3427 strabam,
372 3363 477 3437 quae‚
499 3343 634 3413 etiamsi
653 3341 826 3414 dimidiata
843 3358 951 3440 atque
968 3341 1062 3414 l'oede
1077 3342 1282 3431 devastata,

185 3461 430 3564 magnitudine
446 3486 487 3533 ac
503 3461 695 3559 splendore
705 3459 931 3536 nihilominus
947 3488 1070 3536 omnes
1087 3465 1198 3538 moles
1212 3482 1286 3538 tnr-

185 3585 274 3656 ritas
293 3601 499 3659 nostrorum
518 3611 642 3682 regum
662 3590 821 3660 vincunt.
845 3589 895 3660 Ut
917 3605 1032 3662 autem
1052 3592 1163 3664 Roma
1180 3608 1283 3668 vetut

184 3708 224 3780 in
242 3708 317 3804 ipsa
332 3709 433 3780 ruina
448 3729 576 3782 novam
596 3709 774 3785 antecellit
792 3711 915 3784 urbem
934 3713 1130 3811 eademque
1153 3730 1188 3786 et
1208 3715 1283 3811 pul-

185 3828 310 3904 chrior
328 3845 382 3902 est
393 3845 433 3902 et
449 3830 636 3919 excelsior,
658 3834 708 3906 sic
723 3848 887 3907 oratores
900 3851 1052 3924 veteres,
1070 3860 1281 3936 quamquam

180 3975 308 4026 eorum
332 3978 440 4051 opera
464 3957 650 4029 maximam
682 3973 816 4054 partem
840 3974 978 4032 aetatem
999 3985 1071 4032 non
1099 3961 1280 4050 tulerunt,

181 4095 322 4152 eeteros
351 4081 449 4157 facilc
475 4101 656 4180 superant,
679 4103 714 4158 et
743 4088 868 4160 vivunt
892 4089 1082 4160 etiamnum
1109 4091 1294 4186 quodann-w
