<?xml version="1.0" encoding="UTF-8"?>
<!DOCTYPE html PUBLIC "-//W3C//DTD XHTML 1.0 Transitional//EN"
    "http://www.w3.org/TR/xhtml1/DTD/xhtml1-transitional.dtd">
<html xmlns="http://www.w3.org/1999/xhtml" xml:lang="en" lang="en">
 <head>
  <title>
</title>
<meta http-equiv="Content-Type" content="text/html;charset=utf-8" />
  <meta name='ocr-system' content='tesseract 3.04.00' />
  <meta name='ocr-capabilities' content='ocr_page ocr_carea ocr_par ocr_line ocrx_word'/>
</head>
<body>
  <div class='ocr_page' id='page_1' title='image "./oratorumromanor01meyegoog_0369.png"; bbox 0 0 3218 5320; ppageno 0'>
   <div class='ocr_carea' id='block_1_1' title="bbox 871 429 941 502">
    <p class='ocr_par' dir='ltr' id='par_1_1' title="bbox 871 429 941 502">
     <span class='ocr_line' id='line_1_1' title="bbox 871 429 941 502; baseline 0.029 -2"><span class='ocrx_word' id='word_1_1' title='bbox 871 429 941 502; x_wconf 77' lang='lat' dir='ltr'><em>tto</em></span> 
     </span>
    </p>
   </div>
   <div class='ocr_carea' id='block_1_2' title="bbox 253 550 1457 716">
    <p class='ocr_par' dir='ltr' id='par_1_2' title="bbox 253 550 1457 716">
     <span class='ocr_line' id='line_1_2' title="bbox 253 550 1457 638; baseline 0.003 -20"><span class='ocrx_word' id='word_1_2' title='bbox 253 550 324 624; x_wconf 72' lang='lat'><em>230</em></span> <span class='ocrx_word' id='word_1_3' title='bbox 378 567 550 634; x_wconf 74' lang='lat' dir='ltr'><em>struborum]</em></span> <span class='ocrx_word' id='word_1_4' title='bbox 567 563 585 616; x_wconf 91' lang='lat' dir='ltr'><em>i.</em></span> <span class='ocrx_word' id='word_1_5' title='bbox 603 581 628 615; x_wconf 84' lang='lat' dir='ltr'><em>a.</em></span> <span class='ocrx_word' id='word_1_6' title='bbox 646 563 725 616; x_wconf 78' lang='lat' dir='ltr'><em>cditoe</em></span> <span class='ocrx_word' id='word_1_7' title='bbox 743 577 830 618; x_wconf 81' lang='lat' dir='ltr'><em>erant.</em></span> <span class='ocrx_word' id='word_1_8' title='bbox 849 565 1021 622; x_wconf 80' lang='lat' dir='ltr'><em>Weioltertnt</em></span> <span class='ocrx_word' id='word_1_9' title='bbox 1040 585 1102 620; x_wconf 81' lang='lat' dir='ltr'><em>reru</em></span> <span class='ocrx_word' id='word_1_10' title='bbox 1121 566 1190 622; x_wconf 84' lang='lat' dir='ltr'><em>nihil</em></span> <span class='ocrx_word' id='word_1_11' title='bbox 1209 567 1305 638; x_wconf 68' lang='lat' dir='ltr'><em>scripti</em></span> <span class='ocrx_word' id='word_1_12' title='bbox 1319 568 1372 620; x_wconf 89' lang='lat' dir='ltr'><em>nisi</em></span> <span class='ocrx_word' id='word_1_13' title='bbox 1388 566 1457 622; x_wconf 84' lang='lat' dir='ltr'><em>duos</em></span> 
     </span>
     <span class='ocr_line' id='line_1_3' title="bbox 421 639 1456 716; baseline 0.004 -18"><span class='ocrx_word' id='word_1_14' title='bbox 421 639 505 700; x_wconf 85' lang='lat' dir='ltr'><em>libros</em></span> <span class='ocrx_word' id='word_1_15' title='bbox 515 649 558 700; x_wconf 88' lang='lat' dir='ltr'><em>De</em></span> <span class='ocrx_word' id='word_1_16' title='bbox 568 649 674 700; x_wconf 75' lang='lat' dir='ltr'><em>emtus</em></span> <span class='ocrx_word' id='word_1_17' title='bbox 688 646 881 716; x_wconf 86' lang='lat' dir='ltr'><em>aQuintilinno</em></span> <span class='ocrx_word' id='word_1_18' title='bbox 890 649 926 714; x_wconf 82' lang='lat' dir='ltr'><em>V,</em></span> <span class='ocrx_word' id='word_1_19' title='bbox 938 651 964 713; x_wconf 89' lang='lat' dir='ltr'><em>I,</em></span> <span class='ocrx_word' id='word_1_20' title='bbox 976 651 1002 712; x_wconf 87' lang='lat' dir='ltr'><em>l,</em></span> <span class='ocrx_word' id='word_1_21' title='bbox 1013 662 1229 706; x_wconf 85' lang='lat' dir='ltr'><em>commemoratos</em></span> <span class='ocrx_word' id='word_1_22' title='bbox 1242 649 1386 702; x_wconf 87' lang='lat' dir='ltr'><em>Domitium</em></span> <span class='ocrx_word' id='word_1_23' title='bbox 1398 650 1456 702; x_wconf 82' lang='lat' dir='ltr'><em>edi-</em></span> 
     </span>
    </p>
   </div>
   <div class='ocr_carea' id='block_1_3' title="bbox 421 731 1458 900">
    <p class='ocr_par' dir='ltr' id='par_1_3' title="bbox 421 731 1458 900">
     <span class='ocr_line' id='line_1_4' title="bbox 421 731 1458 808; baseline 0.004 -22"><span class='ocrx_word' id='word_1_24' title='bbox 421 733 492 786; x_wconf 87' lang='lat' dir='ltr'><em>disse</em></span> <span class='ocrx_word' id='word_1_25' title='bbox 501 731 602 806; x_wconf 81' lang='lat' dir='ltr'><em>dicitp.</em></span> <span class='ocrx_word' id='word_1_26' title='bbox 613 733 662 786; x_wconf 77' lang='lat' dir='ltr'><em>lli</em></span> <span class='ocrx_word' id='word_1_27' title='bbox 675 733 696 786; x_wconf 88' lang='lat' dir='ltr'><em>l.</em></span> <span class='ocrx_word' id='word_1_28' title='bbox 706 733 738 798; x_wconf 94' lang='lat' dir='ltr'><em>l.‚</em></span> <span class='ocrx_word' id='word_1_29' title='bbox 748 733 925 806; x_wconf 85' lang='lat' dir='ltr'><em>quodfalsum</em></span> <span class='ocrx_word' id='word_1_30' title='bbox 934 749 984 788; x_wconf 83' lang='lat' dir='ltr'><em>est.</em></span> <span class='ocrx_word' id='word_1_31' title='bbox 998 735 1088 788; x_wconf 78' lang='lat' dir='ltr'>Edidit</span> <span class='ocrx_word' id='word_1_32' title='bbox 1100 736 1171 789; x_wconf 87' lang='lat' dir='ltr'><em>enim</em></span> <span class='ocrx_word' id='word_1_33' title='bbox 1183 749 1308 808; x_wconf 67' lang='lat' dir='ltr'><em>prmterea</em></span> <span class='ocrx_word' id='word_1_34' title='bbox 1318 735 1458 792; x_wconf 72' lang='lat' dir='ltr'><em>Orationes</em></span> 
     </span>
     <span class='ocr_line' id='line_1_5' title="bbox 421 816 1458 900; baseline 0.004 -32"><span class='ocrx_word' id='word_1_35' title='bbox 421 829 449 869; x_wconf 89' lang='lat' dir='ltr'><em>et</em></span> <span class='ocrx_word' id='word_1_36' title='bbox 460 819 597 870; x_wconf 76' lang='lat' dir='ltr'><em>Dictorum</em></span> <span class='ocrx_word' id='word_1_37' title='bbox 609 819 711 870; x_wconf 80' lang='lat' dir='ltr'><em>urbane</em></span> <span class='ocrx_word' id='word_1_38' title='bbox 723 816 822 883; x_wconf 90' lang='lat' dir='ltr'><em>libros,</em></span> <span class='ocrx_word' id='word_1_39' title='bbox 837 835 950 888; x_wconf 88' lang='lat' dir='ltr'><em>quorum</em></span> <span class='ocrx_word' id='word_1_40' title='bbox 964 817 1138 900; x_wconf 29' lang='lat' dir='ltr'><em>pluranetiam</em></span> <span class='ocrx_word' id='word_1_41' title='bbox 1154 837 1226 872; x_wconf 86' lang='lat' dir='ltr'><em>nuno</em></span> <span class='ocrx_word' id='word_1_42' title='bbox 1244 819 1273 871; x_wconf 91' lang='lat' dir='ltr'><em>in</em></span> <span class='ocrx_word' id='word_1_43' title='bbox 1288 819 1458 886; x_wconf 85' lang='lat' dir='ltr'><em>Quintiliano</em></span> 
     </span>
    </p>
   </div>
   <div class='ocr_carea' id='block_1_4' title="bbox 392 899 1461 1106">
    <p class='ocr_par' dir='ltr' id='par_1_4' title="bbox 392 899 1461 1106">
     <span class='ocr_line' id='line_1_6' title="bbox 421 899 546 971; baseline 0.016 -21"><span class='ocrx_word' id='word_1_44' title='bbox 421 899 546 971; x_wconf 82' lang='lat' dir='ltr'><em>legimus.</em></span> 
     </span>
     <span class='ocr_line' id='line_1_7' title="bbox 392 984 1461 1106; baseline -0.001 -22"><span class='ocrx_word' id='word_1_45' title='bbox 392 1024 440 1085; x_wconf 90' lang='lat' dir='ltr'><em>ld.</em></span> <span class='ocrx_word' id='word_1_46' title='bbox 452 1023 538 1100; x_wconf 88' lang='lat' dir='ltr'>VIII,</span> <span class='ocrx_word' id='word_1_47' title='bbox 555 1025 587 1098; x_wconf 80' lang='lat'><em>5,</em></span> <span class='ocrx_word' id='word_1_48' title='bbox 602 1023 659 1088; x_wconf 82' lang='lat'><em>16:</em></span> <span class='ocrx_word' id='word_1_49' title='bbox 682 1024 761 1088; x_wconf 82' lang='lat' dir='ltr'><strong>Sunt</strong></span> <span class='ocrx_word' id='word_1_50' title='bbox 780 1037 814 1088; x_wconf 89' lang='lat' dir='ltr'><em>et</em></span> <span class='ocrx_word' id='word_1_51' title='bbox 834 1023 896 1088; x_wconf 87' lang='lat' dir='ltr'><em>alio</em></span> <span class='ocrx_word' id='word_1_52' title='bbox 917 984 1046 1100; x_wconf 37' lang='lat' dir='ltr'><em>relatai</em></span> <span class='ocrx_word' id='word_1_53' title='bbox 1060 1040 1095 1088; x_wconf 89' lang='lat' dir='ltr'><em>ut</em></span> <span class='ocrx_word' id='word_1_54' title='bbox 1109 1025 1193 1106; x_wconf 74' lang='lat' dir='ltr'><em>Afier</em></span> <span class='ocrx_word' id='word_1_55' title='bbox 1210 1027 1369 1086; x_wconf 79' lang='lat' dir='ltr'><em>Domitius</em></span> <span class='ocrx_word' id='word_1_56' title='bbox 1387 1047 1461 1084; x_wconf 88' lang='lat' dir='ltr'><em>cum</em></span> 
     </span>
    </p>
   </div>
   <div class='ocr_carea' id='block_1_5' title="bbox 339 1122 1467 1802">
    <p class='ocr_par' dir='ltr' id='par_1_5' title="bbox 339 1122 1467 1802">
     <span class='ocr_line' id='line_1_8' title="bbox 349 1122 1467 1211; baseline -0.002 -25"><span class='ocrx_word' id='word_1_57' title='bbox 349 1125 552 1186; x_wconf 80' lang='lat' dir='ltr'><em>Domitillam</em></span> <span class='ocrx_word' id='word_1_58' title='bbox 570 1127 758 1209; x_wconf 65' lang='lat' dir='ltr'><em>defhuderet,</em></span> <span class='ocrx_word' id='word_1_59' title='bbox 780 1132 831 1185; x_wconf 88' lang='lat' dir='ltr'><em>cui</em></span> <span class='ocrx_word' id='word_1_60' title='bbox 850 1122 1004 1209; x_wconf 71' lang='lat' dir='ltr'><em>oly&#39;ectum</em></span> <span class='ocrx_word' id='word_1_61' title='bbox 1023 1131 1156 1200; x_wconf 78' lang='lat' dir='ltr'><strong><em>crimen,</em></strong></span> <span class='ocrx_word' id='word_1_62' title='bbox 1175 1127 1259 1211; x_wconf 84' lang='lat' dir='ltr'><em>quod</em></span> <span class='ocrx_word' id='word_1_63' title='bbox 1273 1131 1392 1200; x_wconf 83' lang='lat' dir='ltr'><em>uirum,</em></span> <span class='ocrx_word' id='word_1_64' title='bbox 1412 1131 1467 1210; x_wconf 87' lang='lat' dir='ltr'><em>qui</em></span> 
     </span>
     <span class='ocr_line' id='line_1_9' title="bbox 348 1223 1463 1306; baseline 0 -22"><span class='ocrx_word' id='word_1_65' title='bbox 348 1230 427 1292; x_wconf 69' lang='lat' dir='ltr'><em>irater</em></span> <span class='ocrx_word' id='word_1_66' title='bbox 441 1223 624 1288; x_wconf 74' lang='lat' dir='ltr'><em>rebellantes</em></span> <span class='ocrx_word' id='word_1_67' title='bbox 628 1227 751 1306; x_wconf 67' lang='lat' dir='ltr'><em>ficerat,</em></span> <span class='ocrx_word' id='word_1_68' title='bbox 763 1225 933 1305; x_wconf 82' lang='lat' dir='ltr'><em>sepelisset,</em></span> <span class='ocrx_word' id='word_1_69' title='bbox 945 1232 1109 1287; x_wconf 77' lang='lat' dir='ltr'><em>remiserat</em></span> <span class='ocrx_word' id='word_1_70' title='bbox 1120 1227 1278 1300; x_wconf 85' lang='lat' dir='ltr'><em>Claudius,</em></span> <span class='ocrx_word' id='word_1_71' title='bbox 1290 1230 1322 1285; x_wconf 85' lang='lat' dir='ltr'><em>in</em></span> <span class='ocrx_word' id='word_1_72' title='bbox 1335 1226 1463 1305; x_wconf 78' lang='lat' dir='ltr'><em>epilogo</em></span> 
     </span>
     <span class='ocr_line' id='line_1_10' title="bbox 339 1319 1382 1412; baseline 0 -26"><span class='ocrx_word' id='word_1_73' title='bbox 339 1325 430 1407; x_wconf 75' lang='lat' dir='ltr'><em>filim</em></span> <span class='ocrx_word' id='word_1_74' title='bbox 444 1319 512 1407; x_wconf 81' lang='lat' dir='ltr'><em>eJ&#39;us</em></span> <span class='ocrx_word' id='word_1_75' title='bbox 527 1326 696 1410; x_wconf 83' lang='lat' dir='ltr'><em>alloquens,</em></span> <span class='ocrx_word' id='word_1_76' title='bbox 707 1327 841 1390; x_wconf 87' lang='lat' dir='ltr'><em>Matrem</em></span> <span class='ocrx_word' id='word_1_77' title='bbox 853 1340 970 1403; x_wconf 87' lang='lat' dir='ltr'><em>tamen,</em></span> <span class='ocrx_word' id='word_1_78' title='bbox 986 1331 1093 1412; x_wconf 83' lang='lat' dir='ltr'><em>inquit,</em></span> <span class='ocrx_word' id='word_1_79' title='bbox 1106 1326 1197 1410; x_wconf 87' lang='lat' dir='ltr'><em>pueri</em></span> <span class='ocrx_word' id='word_1_80' title='bbox 1210 1323 1382 1410; x_wconf 76' lang='lat' dir='ltr'><em>sepelitote.</em></span> 
     </span>
     <span class='ocr_line' id='line_1_11' title="bbox 394 1419 1464 1507; baseline -0.001 -23"><span class='ocrx_word' id='word_1_81' title='bbox 394 1421 525 1495; x_wconf 82' lang='lat' dir='ltr'><em>ld.·lX,</em></span> <span class='ocrx_word' id='word_1_82' title='bbox 547 1421 588 1499; x_wconf 84' lang='lat'><em>2‚·</em></span> <span class='ocrx_word' id='word_1_83' title='bbox 609 1421 669 1484; x_wconf 72' lang='lat'><em>202</em></span> <span class='ocrx_word' id='word_1_84' title='bbox 692 1427 719 1486; x_wconf 81' lang='lat' dir='ltr'><em>t</em></span> <span class='ocrx_word' id='word_1_85' title='bbox 739 1443 799 1506; x_wconf 89' lang='lat' dir='ltr'><em>quo</em></span> <span class='ocrx_word' id='word_1_86' title='bbox 813 1423 972 1486; x_wconf 87' lang='lat' dir='ltr'><em>schemate</em></span> <span class='ocrx_word' id='word_1_87' title='bbox 987 1445 1049 1487; x_wconf 90' lang='lat' dir='ltr'><em>non</em></span> <span class='ocrx_word' id='word_1_88' title='bbox 1064 1425 1174 1507; x_wconf 87' lang='lat' dir='ltr'><em>procul</em></span> <span class='ocrx_word' id='word_1_89' title='bbox 1188 1423 1278 1486; x_wconf 88' lang='lat' dir='ltr'><em>abest</em></span> <span class='ocrx_word' id='word_1_90' title='bbox 1298 1419 1372 1498; x_wconf 89' lang='lat' dir='ltr'><em>illa,</em></span> <span class='ocrx_word' id='word_1_91' title='bbox 1397 1442 1464 1504; x_wconf 74' lang='lat' dir='ltr'><em>quae</em></span> 
     </span>
     <span class='ocr_line' id='line_1_12' title="bbox 350 1517 1467 1608; baseline 0 -28"><span class='ocrx_word' id='word_1_92' title='bbox 350 1517 467 1580; x_wconf 87' lang='lat' dir='ltr'><em>dicitur</em></span> <span class='ocrx_word' id='word_1_93' title='bbox 479 1523 734 1592; x_wconf 81' lang='lat' dir='ltr'><em>communicatio,</em></span> <span class='ocrx_word' id='word_1_94' title='bbox 749 1539 820 1582; x_wconf 88' lang='lat' dir='ltr'><em>cum</em></span> <span class='ocrx_word' id='word_1_95' title='bbox 834 1533 888 1583; x_wconf 87' lang='lat' dir='ltr'><em>aut</em></span> <span class='ocrx_word' id='word_1_96' title='bbox 900 1521 984 1608; x_wconf 88' lang='lat' dir='ltr'><em>ipsos</em></span> <span class='ocrx_word' id='word_1_97' title='bbox 998 1520 1195 1585; x_wconf 88' lang='lat' dir='ltr'><em>adversarios</em></span> <span class='ocrx_word' id='word_1_98' title='bbox 1208 1517 1411 1596; x_wconf 86' lang='lat' dir='ltr'><em>consulimus,</em></span> <span class='ocrx_word' id='word_1_99' title='bbox 1432 1534 1467 1581; x_wconf 92' lang='lat' dir='ltr'><em>nt</em></span> 
     </span>
     <span class='ocr_line' id='line_1_13' title="bbox 351 1615 1463 1706; baseline 0.004 -30"><span class='ocrx_word' id='word_1_100' title='bbox 351 1617 510 1676; x_wconf 86' lang='lat' dir='ltr'><em>Domitius</em></span> <span class='ocrx_word' id='word_1_101' title='bbox 518 1615 841 1696; x_wconf 85' lang='lat' dir='ltr'><em>AferproDomitillo</em></span> <span class='ocrx_word' id='word_1_102' title='bbox 851 1643 863 1677; x_wconf 83' lang='lat'><em>.-</em></span> <span class='ocrx_word' id='word_1_103' title='bbox 874 1619 983 1679; x_wconf 89' lang='lat' dir='ltr'><em>Nescit</em></span> <span class='ocrx_word' id='word_1_104' title='bbox 992 1621 1123 1698; x_wconf 83' lang='lat' dir='ltr'><em>trepide,</em></span> <span class='ocrx_word' id='word_1_105' title='bbox 1134 1619 1210 1706; x_wconf 82' lang='lat' dir='ltr'><em>quid</em></span> <span class='ocrx_word' id='word_1_106' title='bbox 1216 1619 1463 1699; x_wconf 73' lang='lat' dir='ltr'><em>liceotfhmime,</em></span> 
     </span>
     <span class='ocr_line' id='line_1_14' title="bbox 350 1715 1466 1802; baseline 0.004 -28"><span class='ocrx_word' id='word_1_107' title='bbox 350 1717 427 1799; x_wconf 84' lang='lat' dir='ltr'><em>quid</em></span> <span class='ocrx_word' id='word_1_108' title='bbox 441 1715 602 1802; x_wconf 81' lang='lat' dir='ltr'><em>conjugem</em></span> <span class='ocrx_word' id='word_1_109' title='bbox 617 1717 739 1795; x_wconf 87' lang='lat' dir='ltr'><em>deceat,·</em></span> <span class='ocrx_word' id='word_1_110' title='bbox 745 1720 830 1798; x_wconf 77' lang='lat' dir='ltr'><em>sorte</em></span> <span class='ocrx_word' id='word_1_111' title='bbox 840 1739 901 1780; x_wconf 85' lang='lat' dir='ltr'><em>vos</em></span> <span class='ocrx_word' id='word_1_112' title='bbox 917 1725 950 1780; x_wconf 84' lang='lat' dir='ltr'><em>iu</em></span> <span class='ocrx_word' id='word_1_113' title='bbox 964 1721 1018 1780; x_wconf 77' lang='lat' dir='ltr'><em>illa</em></span> <span class='ocrx_word' id='word_1_114' title='bbox 1035 1720 1247 1782; x_wconf 85' lang='lat' dir='ltr'><em>sollicitudine</em></span> <span class='ocrx_word' id='word_1_115' title='bbox 1261 1719 1365 1780; x_wconf 84' lang='lat' dir='ltr'><em>obvios</em></span> <span class='ocrx_word' id='word_1_116' title='bbox 1375 1739 1466 1779; x_wconf 82' lang='lat' dir='ltr'><em>casus</em></span> 
     </span>
    </p>
   </div>
   <div class='ocr_carea' id='block_1_6' title="bbox 352 1819 1464 1980">
    <p class='ocr_par' dir='ltr' id='par_1_6' title="bbox 352 1819 1464 1980">
     <span class='ocr_line' id='line_1_15' title="bbox 353 1819 1464 1906; baseline 0.002 -30"><span class='ocrx_word' id='word_1_117' title='bbox 353 1821 479 1879; x_wconf 78' lang='lat' dir='ltr'><em>miserta</em></span> <span class='ocrx_word' id='word_1_118' title='bbox 495 1820 618 1880; x_wconf 81' lang='lat' dir='ltr'><em>mulieri</em></span> <span class='ocrx_word' id='word_1_119' title='bbox 631 1819 756 1884; x_wconf 84' lang='lat' dir='ltr'><em>obtulit:</em></span> <span class='ocrx_word' id='word_1_120' title='bbox 769 1821 937 1900; x_wconf 86' lang='lat' dir='ltr'><em>tu,fruter‚</em></span> <span class='ocrx_word' id='word_1_121' title='bbox 955 1843 1023 1895; x_wconf 84' lang='lat' dir='ltr'><em>vos,</em></span> <span class='ocrx_word' id='word_1_122' title='bbox 1037 1827 1161 1901; x_wconf 85' lang='lat' dir='ltr'><em>paterni</em></span> <span class='ocrx_word' id='word_1_123' title='bbox 1173 1824 1283 1895; x_wconf 84' lang='lat' dir='ltr'><em>amici,</em></span> <span class='ocrx_word' id='word_1_124' title='bbox 1295 1819 1382 1906; x_wconf 83' lang='lat' dir='ltr'><em>quod</em></span> <span class='ocrx_word' id='word_1_125' title='bbox 1392 1841 1464 1880; x_wconf 84' lang='lat' dir='ltr'><em>eoo·</em></span> 
     </span>
     <span class='ocr_line' id='line_1_16' title="bbox 352 1917 585 1980; baseline 0 -2"><span class='ocrx_word' id='word_1_126' title='bbox 352 1917 461 1980; x_wconf 87' lang='lat' dir='ltr'><em>silium</em></span> <span class='ocrx_word' id='word_1_127' title='bbox 479 1918 585 1980; x_wconf 83' lang='lat' dir='ltr'><em>dctis?</em></span> 
     </span>
    </p>
   </div>
   <div class='ocr_carea' id='block_1_7' title="bbox 375 2079 1468 2569">
    <p class='ocr_par' dir='ltr' id='par_1_7' title="bbox 375 2079 1468 2569">
     <span class='ocr_line' id='line_1_17' title="bbox 378 2079 1468 2152; baseline -0.002 -16"><span class='ocrx_word' id='word_1_128' title='bbox 378 2083 483 2150; x_wconf 79' lang='lat' dir='ltr'><em>frater]</em></span> <span class='ocrx_word' id='word_1_129' title='bbox 497 2101 558 2136; x_wconf 85' lang='lat' dir='ltr'><em>oum</em></span> <span class='ocrx_word' id='word_1_130' title='bbox 571 2082 758 2152; x_wconf 72' lang='lat' dir='ltr'><em>Quintilianus</em></span> <span class='ocrx_word' id='word_1_131' title='bbox 771 2083 851 2146; x_wconf 84' lang='lat' dir='ltr'><em>dieat,</em></span> <span class='ocrx_word' id='word_1_132' title='bbox 866 2083 962 2136; x_wconf 75' lang='lat' dir='ltr'><em>Altum</em></span> <span class='ocrx_word' id='word_1_133' title='bbox 974 2083 1018 2136; x_wconf 86' lang='lat' dir='ltr'><em>hic</em></span> <span class='ocrx_word' id='word_1_134' title='bbox 1030 2083 1193 2136; x_wconf 81' lang='lat' dir='ltr'><em>adversarios</em></span> <span class='ocrx_word' id='word_1_135' title='bbox 1207 2079 1391 2141; x_wconf 83' lang='lat' dir='ltr'><em>cousuluisse,</em></span> <span class='ocrx_word' id='word_1_136' title='bbox 1404 2080 1468 2134; x_wconf 90' lang='lat' dir='ltr'><em>inde</em></span> 
     </span>
     <span class='ocr_line' id='line_1_18' title="bbox 423 2165 1467 2239; baseline -0.002 -19"><span class='ocrx_word' id='word_1_137' title='bbox 423 2167 547 2238; x_wconf 74' lang='lat' dir='ltr'><em>sequitur</em></span> <span class='ocrx_word' id='word_1_138' title='bbox 556 2166 664 2220; x_wconf 71' lang='lat' dir='ltr'><em>fraunm</em></span> <span class='ocrx_word' id='word_1_139' title='bbox 677 2179 705 2220; x_wconf 90' lang='lat' dir='ltr'><em>et</em></span> <span class='ocrx_word' id='word_1_140' title='bbox 716 2174 842 2239; x_wconf 71' lang='lat' dir='ltr'><em>paternos</em></span> <span class='ocrx_word' id='word_1_141' title='bbox 856 2168 954 2220; x_wconf 84' lang='lat' dir='ltr'><em>amieos</em></span> <span class='ocrx_word' id='word_1_142' title='bbox 966 2179 1134 2222; x_wconf 83' lang='lat' dir='ltr'><em>accusatores</em></span> <span class='ocrx_word' id='word_1_143' title='bbox 1146 2165 1291 2220; x_wconf 73' lang='lat' dir='ltr'><em>Domitillae</em></span> <span class='ocrx_word' id='word_1_144' title='bbox 1304 2165 1401 2218; x_wconf 82' lang='lat' dir='ltr'><em>fuisse.</em></span> <span class='ocrx_word' id='word_1_145' title='bbox 1412 2165 1467 2218; x_wconf 83' lang='lat' dir='ltr'><em>Re·</em></span> 
     </span>
     <span class='ocr_line' id='line_1_19' title="bbox 424 2249 1468 2322; baseline 0.001 -21"><span class='ocrx_word' id='word_1_146' title='bbox 424 2249 528 2302; x_wconf 83' lang='lat' dir='ltr'><em>lutatnr</em></span> <span class='ocrx_word' id='word_1_147' title='bbox 537 2267 602 2322; x_wconf 78' lang='lat' dir='ltr'><em>ergo</em></span> <span class='ocrx_word' id='word_1_148' title='bbox 614 2249 729 2302; x_wconf 86' lang='lat' dir='ltr'><em>Gesneri</em></span> <span class='ocrx_word' id='word_1_149' title='bbox 742 2249 843 2321; x_wconf 86' lang='lat' dir='ltr'><em>opinio,</em></span> <span class='ocrx_word' id='word_1_150' title='bbox 860 2249 907 2320; x_wconf 81' lang='lat' dir='ltr'><em>qui</em></span> <span class='ocrx_word' id='word_1_151' title='bbox 919 2249 954 2304; x_wconf 83' lang='lat' dir='ltr'><em>ed</em></span> <span class='ocrx_word' id='word_1_152' title='bbox 967 2250 1055 2304; x_wconf 85' lang='lat' dir='ltr'><em>lucum</em></span> <span class='ocrx_word' id='word_1_153' title='bbox 1068 2249 1242 2322; x_wconf 73' lang='lat' dir='ltr'><em>superiorem,</em></span> <span class='ocrx_word' id='word_1_154' title='bbox 1252 2249 1328 2310; x_wconf 79' lang='lat' dir='ltr'><em>vlu,</em></span> <span class='ocrx_word' id='word_1_155' title='bbox 1347 2250 1374 2312; x_wconf 82' lang='lat'><em>5,</em></span> <span class='ocrx_word' id='word_1_156' title='bbox 1391 2251 1435 2312; x_wconf 81' lang='lat' dir='ltr'><em>tt,</em></span> <span class='ocrx_word' id='word_1_157' title='bbox 1453 2268 1468 2302; x_wconf 90' lang='lat' dir='ltr'><em>a</em></span> 
     </span>
     <span class='ocr_line' id='line_1_20' title="bbox 375 2324 1467 2404; baseline -0.002 -20"><span class='ocrx_word' id='word_1_158' title='bbox 375 2325 379 2335; x_wconf 50' lang='lat'>¹</span> <span class='ocrx_word' id='word_1_159' title='bbox 426 2331 492 2384; x_wconf 88' lang='lat' dir='ltr'><em>liliis</em></span> <span class='ocrx_word' id='word_1_160' title='bbox 507 2332 566 2384; x_wconf 85' lang='lat' dir='ltr'><em>suis</em></span> <span class='ocrx_word' id='word_1_161' title='bbox 579 2324 742 2386; x_wconf 73' lang='lat' dir='ltr'><em>Domitillam</em></span> <span class='ocrx_word' id='word_1_162' title='bbox 761 2344 909 2386; x_wconf 87' lang='lat' dir='ltr'><em>accusatam</em></span> <span class='ocrx_word' id='word_1_163' title='bbox 927 2333 1005 2385; x_wconf 84' lang='lat' dir='ltr'><em>dixit.</em></span> <span class='ocrx_word' id='word_1_164' title='bbox 1027 2333 1118 2386; x_wconf 79' lang='lat' dir='ltr'><em>Frater</em></span> <span class='ocrx_word' id='word_1_165' title='bbox 1135 2345 1164 2386; x_wconf 87' lang='lat' dir='ltr'><em>et</em></span> <span class='ocrx_word' id='word_1_166' title='bbox 1180 2332 1286 2404; x_wconf 85' lang='lat' dir='ltr'><em>paterni</em></span> <span class='ocrx_word' id='word_1_167' title='bbox 1304 2330 1383 2383; x_wconf 89' lang='lat' dir='ltr'><em>amici</em></span> <span class='ocrx_word' id='word_1_168' title='bbox 1398 2329 1467 2382; x_wconf 88' lang='lat' dir='ltr'><em>diem</em></span> 
     </span>
     <span class='ocr_line' id='line_1_21' title="bbox 425 2413 1468 2488; baseline -0.001 -22"><span class='ocrx_word' id='word_1_169' title='bbox 425 2413 712 2476; x_wconf 75' lang='lat' dir='ltr'><em>dicebantDomitilltn,</em></span> <span class='ocrx_word' id='word_1_170' title='bbox 721 2433 879 2484; x_wconf 85' lang='lat' dir='ltr'><em>quamquam</em></span> <span class='ocrx_word' id='word_1_171' title='bbox 888 2413 1020 2468; x_wconf 81' lang='lat' dir='ltr'><em>Claudius</em></span> <span class='ocrx_word' id='word_1_172' title='bbox 1033 2416 1176 2488; x_wconf 83' lang='lat' dir='ltr'><em>imperator</em></span> <span class='ocrx_word' id='word_1_173' title='bbox 1189 2413 1323 2486; x_wconf 83' lang='lat' dir='ltr'><em>objectum</em></span> <span class='ocrx_word' id='word_1_174' title='bbox 1331 2415 1358 2466; x_wconf 84' lang='lat' dir='ltr'><em>ei</em></span> <span class='ocrx_word' id='word_1_175' title='bbox 1368 2413 1468 2466; x_wconf 82' lang='lat' dir='ltr'><em>crimen</em></span> 
     </span>
     <span class='ocr_line' id='line_1_22' title="bbox 423 2494 1468 2569; baseline 0 -21"><span class='ocrx_word' id='word_1_176' title='bbox 423 2494 478 2566; x_wconf 88' lang='lat' dir='ltr'><em>jam</em></span> <span class='ocrx_word' id='word_1_177' title='bbox 491 2496 644 2548; x_wconf 78' lang='lat' dir='ltr'><em>remiserat:</em></span> <span class='ocrx_word' id='word_1_178' title='bbox 658 2513 740 2566; x_wconf 87' lang='lat' dir='ltr'><em>quare</em></span> <span class='ocrx_word' id='word_1_179' title='bbox 753 2509 841 2549; x_wconf 85' lang='lat' dir='ltr'><em>orator</em></span> <span class='ocrx_word' id='word_1_180' title='bbox 853 2497 882 2550; x_wconf 87' lang='lat' dir='ltr'><em>in</em></span> <span class='ocrx_word' id='word_1_181' title='bbox 894 2495 999 2569; x_wconf 78' lang='lat' dir='ltr'><em>epilogo</em></span> <span class='ocrx_word' id='word_1_182' title='bbox 1011 2498 1044 2550; x_wconf 91' lang='lat' dir='ltr'><em>ad</em></span> <span class='ocrx_word' id='word_1_183' title='bbox 1055 2495 1126 2550; x_wconf 87' lang='lat' dir='ltr'><em>lilios</em></span> <span class='ocrx_word' id='word_1_184' title='bbox 1138 2509 1296 2550; x_wconf 80' lang='lat' dir='ltr'><em>convertens</em></span> <span class='ocrx_word' id='word_1_185' title='bbox 1311 2497 1468 2560; x_wconf 81' lang='lat' dir='ltr'><em>orationem,</em></span> 
     </span>
    </p>
   </div>
   <div class='ocr_carea' id='block_1_8' title="bbox 426 2581 1466 2826">
    <p class='ocr_par' dir='ltr' id='par_1_8' title="bbox 426 2581 1466 2826">
     <span class='ocr_line' id='line_1_23' title="bbox 426 2581 1466 2657; baseline -0.001 -22"><span class='ocrx_word' id='word_1_186' title='bbox 426 2583 474 2654; x_wconf 80' lang='lat' dir='ltr'><em>qui</em></span> <span class='ocrx_word' id='word_1_187' title='bbox 482 2583 561 2636; x_wconf 85' lang='lat' dir='ltr'><em>matri</em></span> <span class='ocrx_word' id='word_1_188' title='bbox 572 2584 600 2635; x_wconf 93' lang='lat' dir='ltr'><em>in</em></span> <span class='ocrx_word' id='word_1_189' title='bbox 607 2581 710 2655; x_wconf 73' lang='lat' dir='ltr'><em>judicio</em></span> <span class='ocrx_word' id='word_1_190' title='bbox 721 2583 870 2648; x_wconf 76' lang='lat' dir='ltr'><em>adstabant,</em></span> <span class='ocrx_word' id='word_1_191' title='bbox 883 2583 966 2638; x_wconf 78' lang='lat' dir='ltr'><em>dixit:</em></span> <span class='ocrx_word' id='word_1_192' title='bbox 977 2601 1039 2637; x_wconf 87' lang='lat' dir='ltr'><em>cum</em></span> <span class='ocrx_word' id='word_1_193' title='bbox 1050 2597 1134 2637; x_wconf 83' lang='lat' dir='ltr'><em>mater</em></span> <span class='ocrx_word' id='word_1_194' title='bbox 1143 2583 1286 2657; x_wconf 75' lang='lat' dir='ltr'><em>aliquando</em></span> <span class='ocrx_word' id='word_1_195' title='bbox 1295 2595 1384 2636; x_wconf 81' lang='lat' dir='ltr'><em>vestra</em></span> <span class='ocrx_word' id='word_1_196' title='bbox 1393 2582 1466 2636; x_wconf 85' lang='lat' dir='ltr'><em>diem</em></span> 
     </span>
     <span class='ocr_line' id='line_1_24' title="bbox 426 2669 1465 2744; baseline -0.001 -21"><span class='ocrx_word' id='word_1_197' title='bbox 426 2669 524 2733; x_wconf 63' lang='lat' dir='ltr'><em>obtati,</em></span> <span class='ocrx_word' id='word_1_198' title='bbox 541 2689 576 2724; x_wconf 86' lang='lat' dir='ltr'><em>ne</em></span> <span class='ocrx_word' id='word_1_199' title='bbox 589 2671 762 2736; x_wconf 79' lang='lat' dir='ltr'><em>cunctamini,</em></span> <span class='ocrx_word' id='word_1_200' title='bbox 776 2671 821 2743; x_wconf 85' lang='lat' dir='ltr'><em>pis</em></span> <span class='ocrx_word' id='word_1_201' title='bbox 833 2672 918 2726; x_wconf 83' lang='lat' dir='ltr'><em>lunas</em></span> <span class='ocrx_word' id='word_1_202' title='bbox 931 2671 991 2744; x_wconf 81' lang='lat' dir='ltr'><em>ejus</em></span> <span class='ocrx_word' id='word_1_203' title='bbox 1002 2673 1143 2743; x_wconf 86' lang='lat' dir='ltr'><em>prosequi,</em></span> <span class='ocrx_word' id='word_1_204' title='bbox 1158 2673 1278 2742; x_wconf 80' lang='lat' dir='ltr'><em>quamvis</em></span> <span class='ocrx_word' id='word_1_205' title='bbox 1285 2671 1330 2726; x_wconf 90' lang='lat' dir='ltr'><em>hic</em></span> <span class='ocrx_word' id='word_1_206' title='bbox 1343 2671 1426 2724; x_wconf 83' lang='lat' dir='ltr'><em>irater</em></span> <span class='ocrx_word' id='word_1_207' title='bbox 1437 2683 1465 2722; x_wconf 90' lang='lat' dir='ltr'><em>et</em></span> 
     </span>
     <span class='ocr_line' id='line_1_25' title="bbox 427 2753 1266 2826; baseline 0 -20"><span class='ocrx_word' id='word_1_208' title='bbox 427 2753 505 2806; x_wconf 80' lang='lat' dir='ltr'><em>amici</em></span> <span class='ocrx_word' id='word_1_209' title='bbox 516 2754 621 2825; x_wconf 86' lang='lat' dir='ltr'><em>paterni</em></span> <span class='ocrx_word' id='word_1_210' title='bbox 632 2755 666 2808; x_wconf 78' lang='lat' dir='ltr'><em>al&gt;</em></span> <span class='ocrx_word' id='word_1_211' title='bbox 678 2755 767 2808; x_wconf 79' lang='lat' dir='ltr'><em>allicio</em></span> <span class='ocrx_word' id='word_1_212' title='bbox 776 2774 811 2813; x_wconf 71' lang='lat' dir='ltr'><em>ec</em></span> <span class='ocrx_word' id='word_1_213' title='bbox 823 2755 922 2826; x_wconf 84' lang='lat' dir='ltr'><em>pietate</em></span> <span class='ocrx_word' id='word_1_214' title='bbox 930 2774 978 2808; x_wconf 84' lang='lat' dir='ltr'><em>vos</em></span> <span class='ocrx_word' id='word_1_215' title='bbox 986 2755 1133 2808; x_wconf 77' lang='lat' dir='ltr'><em>distrahere</em></span> <span class='ocrx_word' id='word_1_216' title='bbox 1145 2756 1266 2826; x_wconf 81' lang='lat' dir='ltr'><em>cupiant.</em></span> 
     </span>
    </p>
   </div>
   <div class='ocr_carea' id='block_1_9' title="bbox 356 2903 1471 3178">
    <p class='ocr_par' dir='ltr' id='par_1_9' title="bbox 356 2903 1471 3178">
     <span class='ocr_line' id='line_1_26' title="bbox 357 2903 1470 2990; baseline 0.003 -27"><span class='ocrx_word' id='word_1_217' title='bbox 357 2925 360 2934; x_wconf 90' lang='lat'>·</span> <span class='ocrx_word' id='word_1_218' title='bbox 399 2905 448 2966; x_wconf 89' lang='lat' dir='ltr'><em>Id.</em></span> <span class='ocrx_word' id='word_1_219' title='bbox 456 2905 511 2981; x_wconf 84' lang='lat' dir='ltr'><em>tx,</em></span> <span class='ocrx_word' id='word_1_220' title='bbox 523 2904 554 2980; x_wconf 80' lang='lat'><em>3,</em></span> <span class='ocrx_word' id='word_1_221' title='bbox 564 2907 621 2968; x_wconf 77' lang='lat'><em>66:</em></span> <span class='ocrx_word' id='word_1_222' title='bbox 635 2916 803 2990; x_wconf 69' lang='grc' dir='ltr'><strong>Παρονομορία</strong></span> <span class='ocrx_word' id='word_1_223' title='bbox 815 2925 877 2967; x_wconf 89' lang='lat' dir='ltr'><em>non</em></span> <span class='ocrx_word' id='word_1_224' title='bbox 887 2904 1051 2968; x_wconf 76' lang='lat' dir='ltr'><em>anamodo</em></span> <span class='ocrx_word' id='word_1_225' title='bbox 1062 2903 1130 2969; x_wconf 87' lang='lat' dir='ltr'><em>lieri</em></span> <span class='ocrx_word' id='word_1_226' title='bbox 1142 2907 1231 2979; x_wconf 89' lang='lat' dir='ltr'><em>solet,</em></span> <span class='ocrx_word' id='word_1_227' title='bbox 1241 2906 1295 2968; x_wconf 88' lang='lat' dir='ltr'><em>sed</em></span> <span class='ocrx_word' id='word_1_228' title='bbox 1306 2925 1345 2967; x_wconf 81' lang='lat' dir='ltr'><em>ex</em></span> <span class='ocrx_word' id='word_1_229' title='bbox 1355 2905 1470 2968; x_wconf 83' lang='lat' dir='ltr'><em>vicinia</em></span> 
     </span>
     <span class='ocr_line' id='line_1_27' title="bbox 358 2997 1471 3086; baseline -0.002 -24"><span class='ocrx_word' id='word_1_230' title='bbox 358 2999 489 3086; x_wconf 84' lang='lat' dir='ltr'><em>quadam</em></span> <span class='ocrx_word' id='word_1_231' title='bbox 502 2998 646 3082; x_wconf 69' lang='lat' dir='ltr'><em>praedicti</em></span> <span class='ocrx_word' id='word_1_232' title='bbox 660 2997 795 3064; x_wconf 88' lang='lat' dir='ltr'><em>nominis</em></span> <span class='ocrx_word' id='word_1_233' title='bbox 810 3002 903 3064; x_wconf 89' lang='lat' dir='ltr'><em>ducta</em></span> <span class='ocrx_word' id='word_1_234' title='bbox 918 3001 1040 3063; x_wconf 83' lang='lat' dir='ltr'><em>casibus</em></span> <span class='ocrx_word' id='word_1_235' title='bbox 1055 2999 1232 3063; x_wconf 86' lang='lat' dir='ltr'><em>declinatur</em></span> <span class='ocrx_word' id='word_1_236' title='bbox 1244 3023 1252 3062; x_wconf 76' lang='grc' dir='ltr'><strong>ε</strong></span> <span class='ocrx_word' id='word_1_237' title='bbox 1269 3013 1304 3064; x_wconf 89' lang='lat' dir='ltr'><em>ut</em></span> <span class='ocrx_word' id='word_1_238' title='bbox 1314 3001 1471 3062; x_wconf 78' lang='lat' dir='ltr'><em>Domitiits</em></span> 
     </span>
     <span class='ocr_line' id='line_1_28' title="bbox 356 3097 1470 3178; baseline -0.003 -19"><span class='ocrx_word' id='word_1_239' title='bbox 356 3099 441 3176; x_wconf 71' lang='lat' dir='ltr'><em>Aser</em></span> <span class='ocrx_word' id='word_1_240' title='bbox 449 3117 507 3176; x_wconf 85' lang='lat' dir='ltr'><em>pro</em></span> <span class='ocrx_word' id='word_1_241' title='bbox 519 3097 696 3156; x_wconf 69' lang='lat' dir='ltr'><em>Domitillae</em></span> <span class='ocrx_word' id='word_1_242' title='bbox 708 3098 823 3158; x_wconf 87' lang='lat' dir='ltr'><em>Mulier</em></span> <span class='ocrx_word' id='word_1_243' title='bbox 835 3101 976 3157; x_wconf 80' lang='lat' dir='ltr'><em>omnium</em></span> <span class='ocrx_word' id='word_1_244' title='bbox 992 3117 1096 3157; x_wconf 89' lang='lat' dir='ltr'><em>rerum</em></span> <span class='ocrx_word' id='word_1_245' title='bbox 1112 3101 1267 3178; x_wconf 86' lang='lat' dir='ltr'><em>imperita,</em></span> <span class='ocrx_word' id='word_1_246' title='bbox 1280 3102 1313 3156; x_wconf 87' lang='lat' dir='ltr'><em>in</em></span> <span class='ocrx_word' id='word_1_247' title='bbox 1327 3097 1470 3157; x_wconf 84' lang='lat' dir='ltr'><em>omnihus</em></span> 
     </span>
    </p>
   </div>
   <div class='ocr_carea' id='block_1_10' title="bbox 131 3191 586 3304">
    <p class='ocr_par' dir='ltr' id='par_1_10' title="bbox 131 3191 586 3304">
     <span class='ocr_line' id='line_1_29' title="bbox 131 3191 586 3304; baseline -0.002 -51"><span class='ocrx_word' id='word_1_248' title='bbox 131 3265 141 3304; x_wconf 70' lang='lat'><em>,</em></span> <span class='ocrx_word' id='word_1_249' title='bbox 360 3193 450 3253; x_wconf 83' lang='lat' dir='ltr'><em>relus</em></span> <span class='ocrx_word' id='word_1_250' title='bbox 463 3191 586 3272; x_wconf 72' lang='lat' dir='ltr'><em>infelix.</em></span> 
     </span>
    </p>
   </div>
   <div class='ocr_carea' id='block_1_11' title="bbox 396 3329 1479 3476">
    <p class='ocr_par' dir='ltr' id='par_1_11' title="bbox 396 3329 1479 3476">
     <span class='ocr_line' id='line_1_30' title="bbox 396 3329 1479 3396; baseline -0.001 -14"><span class='ocrx_word' id='word_1_251' title='bbox 396 3335 423 3382; x_wconf 80' lang='lat' dir='ltr'><em>ira</em></span> <span class='ocrx_word' id='word_1_252' title='bbox 434 3331 551 3382; x_wconf 71' lang='lat' dir='ltr'><em>ommlrut</em></span> <span class='ocrx_word' id='word_1_253' title='bbox 561 3331 648 3396; x_wconf 77' lang='lat' dir='ltr'><em>rehtu]</em></span> <span class='ocrx_word' id='word_1_254' title='bbox 659 3330 846 3382; x_wconf 85' lang='lat' dir='ltr'><em>annotninatio</em></span> <span class='ocrx_word' id='word_1_255' title='bbox 860 3331 967 3384; x_wconf 84' lang='lat' dir='ltr'><em>casibus</em></span> <span class='ocrx_word' id='word_1_256' title='bbox 983 3329 1134 3384; x_wconf 84' lang='lat' dir='ltr'><em>declinatur</em></span> <span class='ocrx_word' id='word_1_257' title='bbox 1148 3331 1177 3384; x_wconf 87' lang='lat' dir='ltr'><em>in</em></span> <span class='ocrx_word' id='word_1_258' title='bbox 1190 3329 1239 3384; x_wconf 92' lang='lat' dir='ltr'><em>illo</em></span> <span class='ocrx_word' id='word_1_259' title='bbox 1251 3333 1369 3384; x_wconf 77' lang='lat' dir='ltr'><em>omniunt</em></span> <span class='ocrx_word' id='word_1_260' title='bbox 1382 3347 1479 3382; x_wconf 82' lang='lat' dir='ltr'><em>rerum·</em></span> 
     </span>
     <span class='ocr_line' id='line_1_31' title="bbox 433 3417 725 3476; baseline 0 -8"><span class='ocrx_word' id='word_1_261' title='bbox 433 3427 461 3468; x_wconf 86' lang='lat' dir='ltr'><em>et</em></span> <span class='ocrx_word' id='word_1_262' title='bbox 471 3420 500 3468; x_wconf 83' lang='lat' dir='ltr'><em>in</em></span> <span class='ocrx_word' id='word_1_263' title='bbox 511 3419 629 3469; x_wconf 74' lang='lat' dir='ltr'><em>omutlut</em></span> <span class='ocrx_word' id='word_1_264' title='bbox 640 3417 725 3476; x_wconf 77' lang='lat' dir='ltr'><em>rebus.</em></span> 
     </span>
    </p>
   </div>
   <div class='ocr_carea' id='block_1_12' title="bbox 363 3550 1469 3834">
    <p class='ocr_par' dir='ltr' id='par_1_12' title="bbox 363 3550 1469 3834">
     <span class='ocr_line' id='line_1_32' title="bbox 404 3550 1469 3633; baseline -0.002 -19"><span class='ocrx_word' id='word_1_265' title='bbox 404 3554 451 3616; x_wconf 85' lang='lat' dir='ltr'><em>Id.</em></span> <span class='ocrx_word' id='word_1_266' title='bbox 465 3551 524 3631; x_wconf 86' lang='lat' dir='ltr'><em>tx,</em></span> <span class='ocrx_word' id='word_1_267' title='bbox 543 3553 577 3630; x_wconf 86' lang='lat' dir='ltr'><em>t,</em></span> <span class='ocrx_word' id='word_1_268' title='bbox 596 3553 654 3616; x_wconf 81' lang='lat'><em>31:</em></span> <span class='ocrx_word' id='word_1_269' title='bbox 677 3551 812 3617; x_wconf 83' lang='lat' dir='ltr'><em>Solebat</em></span> <span class='ocrx_word' id='word_1_270' title='bbox 823 3553 899 3616; x_wconf 83' lang='lat' dir='ltr'><em>Aler</em></span> <span class='ocrx_word' id='word_1_271' title='bbox 918 3553 1075 3615; x_wconf 82' lang='lat' dir='ltr'><em>Domitius</em></span> <span class='ocrx_word' id='word_1_272' title='bbox 1094 3551 1242 3633; x_wconf 84' lang='lat' dir='ltr'><em>trajicere</em></span> <span class='ocrx_word' id='word_1_273' title='bbox 1263 3552 1300 3614; x_wconf 87' lang='lat' dir='ltr'><em>in</em></span> <span class='ocrx_word' id='word_1_274' title='bbox 1319 3550 1469 3624; x_wconf 71' lang='lat' dir='ltr'><em>clausulae</em></span> 
     </span>
     <span class='ocr_line' id='line_1_33' title="bbox 363 3648 1469 3736; baseline -0.003 -21"><span class='ocrx_word' id='word_1_275' title='bbox 363 3652 461 3715; x_wconf 71' lang='lat' dir='ltr'><em>ambe</em></span> <span class='ocrx_word' id='word_1_276' title='bbox 469 3666 592 3716; x_wconf 82' lang='lat' dir='ltr'><em>tantum</em></span> <span class='ocrx_word' id='word_1_277' title='bbox 602 3655 783 3736; x_wconf 73' lang='lat' dir='ltr'><em>asperandae</em></span> <span class='ocrx_word' id='word_1_278' title='bbox 791 3649 1134 3735; x_wconf 79' lang='lat' dir='ltr'><em>compositionisgratia</em></span> <span class='ocrx_word' id='word_1_279' title='bbox 1142 3665 1175 3713; x_wconf 90' lang='lat' dir='ltr'><em>et</em></span> <span class='ocrx_word' id='word_1_280' title='bbox 1183 3648 1318 3714; x_wconf 81' lang='lat' dir='ltr'><em>maxime</em></span> <span class='ocrx_word' id='word_1_281' title='bbox 1327 3651 1362 3712; x_wconf 90' lang='lat' dir='ltr'><em>in</em></span> <span class='ocrx_word' id='word_1_282' title='bbox 1371 3670 1469 3732; x_wconf 81' lang='lat' dir='ltr'><em>prem·</em></span> 
     </span>
     <span class='ocr_line' id='line_1_34' title="bbox 365 3751 1201 3834; baseline -0.002 -19"><span class='ocrx_word' id='word_1_283' title='bbox 365 3751 446 3829; x_wconf 80' lang='lat' dir='ltr'><em>iniis,</em></span> <span class='ocrx_word' id='word_1_284' title='bbox 459 3766 494 3815; x_wconf 85' lang='lat' dir='ltr'><em>ut</em></span> <span class='ocrx_word' id='word_1_285' title='bbox 502 3775 562 3834; x_wconf 81' lang='lat' dir='ltr'><em>pro</em></span> <span class='ocrx_word' id='word_1_286' title='bbox 572 3754 744 3816; x_wconf 68' lang='lat' dir='ltr'><em>Domitillae</em></span> <span class='ocrx_word' id='word_1_287' title='bbox 753 3755 989 3833; x_wconf 62' lang='lat' dir='ltr'><em>vGratiosagam</em></span> <span class='ocrx_word' id='word_1_288' title='bbox 1001 3757 1153 3813; x_wconf 66' lang='lat' dir='ltr'><em>commuue.</em></span> <span class='ocrx_word' id='word_1_289' title='bbox 1195 3769 1201 3780; x_wconf 72' lang='lat'><strong>⁴</strong></span> 
     </span>
    </p>
   </div>
   <div class='ocr_carea' id='block_1_13' title="bbox 400 3887 1426 3964">
    <p class='ocr_par' dir='ltr' id='par_1_13' title="bbox 400 3887 1426 3964">
     <span class='ocr_line' id='line_1_35' title="bbox 400 3887 1426 3964; baseline -0.007 -20"><span class='ocrx_word' id='word_1_290' title='bbox 400 3893 529 3960; x_wconf 84' lang='lat' dir='ltr'><em>eontirmo]</em></span> <span class='ocrx_word' id='word_1_291' title='bbox 543 3891 598 3945; x_wconf 83' lang='lat' dir='ltr'><em>hoec</em></span> <span class='ocrx_word' id='word_1_292' title='bbox 610 3912 660 3945; x_wconf 83' lang='lat' dir='ltr'><em>vox</em></span> <span class='ocrx_word' id='word_1_293' title='bbox 673 3908 797 3944; x_wconf 87' lang='lat' dir='ltr'><em>numeros</em></span> <span class='ocrx_word' id='word_1_294' title='bbox 810 3891 1010 3964; x_wconf 85' lang='lat' dir='ltr'><em>compositionis</em></span> <span class='ocrx_word' id='word_1_295' title='bbox 1024 3890 1141 3955; x_wconf 82' lang='lat' dir='ltr'><em>diremit,</em></span> <span class='ocrx_word' id='word_1_296' title='bbox 1152 3889 1180 3942; x_wconf 88' lang='lat' dir='ltr'><em>in</em></span> <span class='ocrx_word' id='word_1_297' title='bbox 1195 3888 1317 3942; x_wconf 86' lang='lat' dir='ltr'><em>clausula</em></span> <span class='ocrx_word' id='word_1_298' title='bbox 1330 3887 1426 3960; x_wconf 84' lang='lat' dir='ltr'><em>posita.</em></span> 
     </span>
    </p>
   </div>
   <div class='ocr_carea' id='block_1_14' title="bbox 269 4008 1472 4197">
    <p class='ocr_par' dir='ltr' id='par_1_14' title="bbox 269 4008 1472 4197">
     <span class='ocr_line' id='line_1_36' title="bbox 269 4008 1472 4111; baseline -0.012 -29"><span class='ocrx_word' id='word_1_299' title='bbox 269 4038 334 4111; x_wconf 72' lang='lat'><em>231</em></span> <span class='ocrx_word' id='word_1_300' title='bbox 408 4017 456 4077; x_wconf 91' lang='lat' dir='ltr'><em>ld.</em></span> <span class='ocrx_word' id='word_1_301' title='bbox 471 4018 580 4078; x_wconf 82' lang='lat' dir='ltr'><em>eodem</em></span> <span class='ocrx_word' id='word_1_302' title='bbox 593 4016 678 4078; x_wconf 82' lang='lat' dir='ltr'><em>loco:</em></span> <span class='ocrx_word' id='word_1_303' title='bbox 696 4018 734 4077; x_wconf 90' lang='lat' dir='ltr'><em>Et</em></span> <span class='ocrx_word' id='word_1_304' title='bbox 745 4036 805 4094; x_wconf 82' lang='lat' dir='ltr'><em>pro</em></span> <span class='ocrx_word' id='word_1_305' title='bbox 817 4010 1139 4098; x_wconf 60' lang='lat' dir='ltr'><em>autumnitatem:</em></span> <span class='ocrx_word' id='word_1_306' title='bbox 1157 4013 1217 4074; x_wconf 79' lang='lat' dir='ltr'><em>liis</em></span> <span class='ocrx_word' id='word_1_307' title='bbox 1228 4015 1382 4100; x_wconf 77' lang='lat' dir='ltr'><em>utriusque</em></span> <span class='ocrx_word' id='word_1_308' title='bbox 1392 4008 1472 4089; x_wconf 77' lang='lat' dir='ltr'><em>apud</em></span> 
     </span>
     <span class='ocr_line' id='line_1_37' title="bbox 367 4111 894 4197; baseline -0.013 -20"><span class='ocrx_word' id='word_1_309' title='bbox 367 4133 408 4192; x_wconf 91' lang='lat' dir='ltr'><em>te,</em></span> <span class='ocrx_word' id='word_1_310' title='bbox 417 4111 569 4197; x_wconf 86' lang='lat' dir='ltr'><em>judicem,</em></span> <span class='ocrx_word' id='word_1_311' title='bbox 580 4115 770 4194; x_wconf 81' lang='lat' dir='ltr'><em>periclitatur</em></span> <span class='ocrx_word' id='word_1_312' title='bbox 781 4113 894 4174; x_wconf 82' lang='lat' dir='ltr'><em>Laelia.</em></span> 
     </span>
    </p>
   </div>
   <div class='ocr_carea' id='block_1_15' title="bbox 404 4233 1286 4318">
    <p class='ocr_par' dir='ltr' id='par_1_15' title="bbox 404 4233 1286 4318">
     <span class='ocr_line' id='line_1_38' title="bbox 404 4233 1286 4318; baseline -0.01 -10"><span class='ocrx_word' id='word_1_313' title='bbox 404 4253 498 4318; x_wconf 62' lang='grc' dir='ltr'><em>Μία]</em></span> <span class='ocrx_word' id='word_1_314' title='bbox 513 4233 567 4304; x_wconf 68' lang='lat' dir='ltr'><em>hesi</em></span> <span class='ocrx_word' id='word_1_315' title='bbox 582 4269 632 4302; x_wconf 81' lang='lat' dir='ltr'><em>vox</em></span> <span class='ocrx_word' id='word_1_316' title='bbox 643 4249 673 4304; x_wconf 89' lang='lat' dir='ltr'><em>in</em></span> <span class='ocrx_word' id='word_1_317' title='bbox 680 4251 807 4304; x_wconf 76' lang='lat' dir='ltr'><em>clausula</em></span> <span class='ocrx_word' id='word_1_318' title='bbox 821 4267 960 4303; x_wconf 86' lang='lat' dir='ltr'><em>numerum</em></span> <span class='ocrx_word' id='word_1_319' title='bbox 974 4249 1099 4302; x_wconf 83' lang='lat' dir='ltr'><em>orationis</em></span> <span class='ocrx_word' id='word_1_320' title='bbox 1114 4245 1266 4312; x_wconf 55' lang='lat' dir='ltr'><em>dissolvit,</em></span> <span class='ocrx_word' id='word_1_321' title='bbox 1281 4275 1286 4286; x_wconf 89' lang='lat'><strong>·</strong></span> 
     </span>
    </p>
   </div>
   <div class='ocr_carea' id='block_1_16' title="bbox 0 0 1628 5320">
    <p class='ocr_par' dir='ltr' id='par_1_16' title="bbox 0 0 1628 5320">
     <span class='ocr_line' id='line_1_39' title="bbox 0 0 1628 5320; baseline 0 0"><span class='ocrx_word' id='word_1_322' title='bbox 0 0 1628 5320; x_wconf 95' lang='lat' dir='ltr'><em> </em></span> 
     </span>
    </p>
   </div>
  </div>
 </body>
</html>
