3288 5344
885 381 946 452 28¹

367 537 400 600 p.
418 518 497 593 961,
524 532 555 580 et
564 522 711 581 Ernestus
724 518 856 582 iar-Clas.
873 519 941 583 Cic.
947 565 956 596 ‚
969 519 1048 582 nihil
1058 519 1155 582 ferme
1168 519 1345 600 cprrigeote
1358 511 1455 586 schit-

365 616 438 682 taio.
451 619 649 682 Sunt-autem
658 638 681 680 a

764 745 797 796 C.
810 745 914 815 Papirio
927 743 1046 798 Carbone

538 974 543 1038 Ι
838 971 871 1024 ab
883 971 999 1024 Antonio
1010 985 1157 1026 aecusatus.
1381 1027 1385 1031 .

707 1057 1020 1106 ij
1034 1059 1445 1106 ω

366 1127 397 1176 C.
407 1125 564 1178 Garboffl'.
574 1127 606 1178 C.
617 1126 651 1176 N.
662 1125 724 1178 trib.
736 1126 787 1177 Gn.
797 1123 940 1178 CarboCo.
978 1127 1010 1179 C.
1020 1127 1197 1180 CarboCn.F.
1206 1147 1222 1180 a
1257 1129 1347 1181 Frater
1355 1147 1454 1182 scurra.

364 1209 403 1278 pl.
420 1211 485 1274 666,
503 1228 518 1262 a
535 1209 691 1281 Damasippo
700 1211 729 1262 F.
773 1222 812 1262 ter
829 1209 891 1263 Cos.
974 1211 1104 1264 militibus
1116 1229 1209 1264 caesus.
1263 1211 1319 1265 Cic.
1339 1212 1360 1266 l.
1378 1235 1402 1268 c.

365 1311 449 1348 cassus
464 1294 695 1358 6l1,solttsere-
978 1297 1256 1362 Val.hlax.lll‚l,d.
1323 1341 1351 1367 .‚

366 1379 484 1452 publica.
494 1381 550 1432 Cic.
568 1379 586 1432 l.
598 1399 622 1432 c.

367 1493 459 1556 Haud
477 1511 552 1555 sane
578 1503 674 1574 patet,
698 1483 779 1555 unde
794 1494 966 1574 Glandorp.
993 1494 1033 1553 P.
1061 1495 1219 1574 quemdam
1245 1495 1419 1560 Carbonem
1441 1519 1459 1559 a

368 1591 481 1653 Flacco
495 1601 669 1652 accusatum
690 1589 800 1668 fugisse
811 1589 906 1663 dicat,
916 1589 968 1670 qui
979 1591 1060 1672 apud
1069 1589 1248 1653 Ciceronem
1258 1591 1279 1652 l.
1294 1612 1323 1653 c.
1342 1595 1389 1656 M.
1407 1615 1458 1676 ap·

367 1689 512 1768 pellatur.
523 1691 631 1770 Neque
643 1709 721 1771 opus
738 1709 810 1752 cum
827 1689 937 1766 Pighio
949 1691 1034 1750 hon.
1047 1689 1108 1750 vol.
1121 1692 1183 1762 lll,
1198 1710 1229 1772 p.
1243 1689 1315 1766 228,
1334 1692 1372 1755 C.
1387 1691 1459 1756 Car-

366 1789 481 1854 bonem
500 1790 538 1854 C.
559 1792 594 1852 F.
617 1792 653 1852 P.
687 1790 727 1854 N.
749 1787 909 1852 tribunum
924 1789 999 1851 antri
1018 1789 1077 1850 664
1095 1792 1294 1854 constituere.
1324 1793 1462 1858 Plebeios

292 1974 295 1982 .
368 1911 470 1960 autem
483 1899 624 1982 Papirios
639 1899 798 1965 Carbones
812 1920 831 1960 a
850 1899 1008 1982 patriciis,
1036 1899 1222 1962 Cursoribus
1234 1902 1296 1963 illis
1309 1916 1341 1965 et
1354 1904 1461 1984 Mugil-

369 1999 450 2061 laois
464 2012 496 2060 et
515 1999 636 2062 Crassis
651 1999 809 2062 dissedisse
833 2019 896 2060 non
910 2013 956 2061 est
971 1997 1094 2062 mirum.
1112 2005 1150 2065 V.
1174 2021 1240 2082 quae
1261 2003 1400 2066 dedimus
1422 2005 1460 2066 ad

369 2096 500 2158 Brutum
514 2117 543 2158 c.
570 2097 622 2158 11.
642 2093 771 2184 [aDuos
794 2096 832 2157 de
851 2097 940 2177 plebe
964 2099 1104 2160 consules
1118 2099 1221 2160 creari
1236 2099 1374 2179 quamvis
1387 2101 1460 2179 legi·

367 2196 427 2258 bus
447 2196 573 2272 licebat,
596 2197 747 2274 religione
762 2209 867 2258 tamen
882 2195 1072 2276 prohibitum
1085 2211 1131 2259 est
1144 2196 1237 2278 (conl.
1258 2199 1327 2260 Lir.
1342 2201 1457 2277 lllllll,
1552 2253 1555 2259 .

370 2297 423 2382 31)
441 2299 584 2378 usquead
596 2317 625 2358 a.
639 2295 712 2371 681,
730 2299 765 2358 C.
782 2296 946 2378 Popillium
961 2299 1125 2372 labatem,
1139 2299 1176 2359 P.
1193 2299 1305 2360 AElium
1319 2299 1462 2379 Ligurem

369 2399 454 2460 Coss.
467 2401 507 2461 V.
525 2396 674 2459 Niebuhr.
690 2397 771 2458 llist.
788 2398 877 2458 Rom.
889 2397 952 2460 vol.
979 2399 1087 2480 111,p.
1104 2395 1156 2460 80.
1173 2395 1203 2484 a]
1226 2399 1315 2488 Conl.
1330 2401 1462 2465 Wetzel.

368 2500 407 2560 ad
423 2500 514 2560 Brut.
533 2519 563 2560 c.
582 2498 634 2560 62.

412 2598 553 2680 Quosor
566 2597 604 2660 u.
620 2597 723 2662 carno
738 2617 767 2658 a.
792 2597 864 2672 sn,
881 2597 1023 2658 tribunus
1038 2599 1138 2680 plebis
1151 2621 1180 2661 a.
1201 2599 1272 2680 scs,
1290 2555 1462 2680 tegem'ra-
1539 2613 1543 2624 ’

370 2695 532 2757 bellariam
551 2696 675 2758 tertiam
691 2691 833 2776 pertulit,
849 2707 884 2754 ut
900 2695 983 2774 leges
996 2693 1117 2756 tabellis
1135 2693 1319 2774 juberentur
1337 2711 1369 2759 et
1383 2697 1461 2760 anti-

370 2805 540 2873 quarentur
549 2817 558 2870 5
571 2793 733 2854 seditiosus
743 2791 886 2854 Ciceroni
902 2789 1002 2854 dictus
1015 2793 1108 2870 Legg.
1124 2791 1178 2868 lll,
1200 2791 1250 2864 16,
1275 2795 1356 2874 qood
1367 2795 1463 2860 Grac-

369 2891 420 2951 chi
431 2891 579 2953 memoria
595 2909 664 2952 cum
674 2889 841 2952 multorum
855 2891 1061 2952 insectatione
1075 2887 1235 2970 deplprata
1245 2887 1308 2971 (De
1323 2905 1404 2953 orat.
1418 2893 1460 2964 11,

370 2987 427 3064 40)
441 2984 645 3050 tumultuandi
655 2989 781 3069 cupidos
794 2987 926 3047 incitare
936 2987 1106 3048 videretur.
1120 2989 1200 3048 Nota
1210 2987 1243 3046 in
1259 2989 1318 3049 hac
1332 3009 1368 3050 re
1384 2989 1464 3050 Alri-

369 3085 454 3158 cani,
466 3103 556 3162 quem
570 3102 627 3162 pro
643 3083 792 3144 concione
807 3084 845 3142 de
860 3093 959 3142 morte
970 3083 1107 3146 Gracchi
1118 3081 1384 3162 interrogaverat,
1401 3106 1462 3168 ma7

369 3178 497 3257 gnitudo
513 3177 619 3252 animi,
640 3175 758 3239 Velleio
778 3179 820 3248 ll,
844 3175 898 3251 41,
921 3177 989 3241 Cic.
1012 3180 1071 3242 Pro
1091 3179 1198 3241 Milon.
1222 3200 1250 3241 c.
1278 3182 1309 3253 7,
1338 3182 1460 3245 Valerio

370 3276 452 3336 lllax.
466 3276 517 3348 Vl,
535 3273 567 3346 6,
585 3274 615 3344 3,
635 3275 746 3335 relata.
762 3277 877 3352 Legem
891 3275 1042 3338 Carbonis
1061 3277 1099 3338 de
1115 3275 1249 3351 tribunis
1268 3277 1458 3352 reficiendis,

368 3372 507 3452 quamvis
518 3372 677 3433 adnitente
686 3371 724 3434 C.
737 3373 881 3436 Graccho
893 3374 1052 3434 admodum
1066 3373 1268 3452 adolescente,
1289 3376 1461 3438 dissuadeo·

367 3470 613 3534 tibus'hlricano
624 3469 756 3531 etlaclio
768 3469 917 3552 rejectam
934 3473 1026 3550 supra
1046 3471 1250 3550 exposuimus,
1273 3473 1354 3534 haud
1370 3473 1461 3534 dubia

367 3573 448 3635 mala
462 3574 502 3634 de
514 3571 669 3636 Carbonis
680 3570 739 3632 fide
757 3583 891 3652 notaque
909 3569 1046 3650 nequitia
1070 3569 1155 3650 vulgi
1173 3569 1409 3650 existimatione,
1425 3575 1462 3634 dc

302 3701 306 3709 x
369 3691 429 3751 qua
441 3670 511 3732 vide
524 3671 606 3731 Plut.
629 3671 726 3730 Praec.
742 3668 848 3728 Politt.
865 3670 882 3750 g
897 3667 928 3740 l,
948 3689 980 3749 p.
997 3663 1071 3738 801,
1087 3669 1123 3728 B.
1143 3669 1286 3730 Relatum
1303 3669 1460 3730 iu'senatu

369 3771 408 3830 de
419 3769 464 3830 his
478 3767 641 3832 conatibus
655 3779 687 3830 et
697 3787 820 3830 severas
829 3771 996 3829 sententias
1005 3765 1103 3828 dictas
1116 3766 1226 3830 Cicero
1236 3769 1259 3830 l'.
1273 3789 1302 3830 c.
1321 3782 1459 3831 enarrat.

368 3867 442 3928 Post
452 3878 618 3946 praeturam
628 3885 657 3927 a.
675 3863 736 3926 628
747 3877 875 3944 gestam,
889 3863 1081 3925 consulatum
1096 3883 1125 3925 a.
1145 3863 1205 3926 633
1218 3866 1462 3946 adeptus-multa,

367 3965 471 4038 credo,
488 3965 680 4046 optimatium
692 3962 896 4026 sollicitudine
909 3962 983 4039 luit3
1002 3962 1114 4045 quippe
1128 3983 1209 4026 anno
1226 3977 1295 4046 post
1314 3963 1463 4028 cerac-

365 4065 456 4126 chum
477 4063 622 4128 occisum.
649 4067 686 4127 ln
708 4065 767 4126 hoc
782 4063 965 4142 magistratu
986 4061 1146 4125 ambitiose
1162 4064 1333 4143 potentium
1358 4075 1463 4145 partes

374 4165 533 4248 amplexus
545 4177 601 4238 est,
620 4179 653 4226 ut
666 4165 815 4246 invidiam
842 4163 879 4231 de
891 4163 1085 4225 triumviratu
1097 4164 1180 4244 agris
1189 4161 1362 4226 dividundis
1374 4175 1405 4224 et
1417 4183 1465 4224 su·
