<?xml version="1.0" encoding="UTF-8"?>
<!DOCTYPE html PUBLIC "-//W3C//DTD XHTML 1.0 Transitional//EN"
    "http://www.w3.org/TR/xhtml1/DTD/xhtml1-transitional.dtd">
<html xmlns="http://www.w3.org/1999/xhtml" xml:lang="en" lang="en">
 <head>
  <title>
</title>
<meta http-equiv="Content-Type" content="text/html;charset=utf-8" />
  <meta name='ocr-system' content='tesseract 3.04.00' />
  <meta name='ocr-capabilities' content='ocr_page ocr_carea ocr_par ocr_line ocrx_word'/>
</head>
<body>
  <div class='ocr_page' id='page_1' title='image "./oratorumromanor01meyegoog_0301.png"; bbox 0 0 3200 5344; ppageno 0'>
   <div class='ocr_carea' id='block_1_1' title="bbox 870 429 940 502">
    <p class='ocr_par' dir='ltr' id='par_1_1' title="bbox 870 429 940 502">
     <span class='ocr_line' id='line_1_1' title="bbox 870 429 940 502; baseline 0.029 -2"><span class='ocrx_word' id='word_1_1' title='bbox 870 429 940 502; x_wconf 76' lang='lat'><strong>278</strong></span> 
     </span>
    </p>
   </div>
   <div class='ocr_carea' id='block_1_2' title="bbox 352 563 1463 2414">
    <p class='ocr_par' dir='ltr' id='par_1_2' title="bbox 356 563 1459 848">
     <span class='ocr_line' id='line_1_2' title="bbox 357 563 1459 655; baseline -0.005 -21"><span class='ocrx_word' id='word_1_2' title='bbox 357 571 480 636; x_wconf 81' lang='lat' dir='ltr'><strong>conium</strong></span> <span class='ocrx_word' id='word_1_3' title='bbox 491 569 619 644; x_wconf 86' lang='lat' dir='ltr'><strong>lecerat,</strong></span> <span class='ocrx_word' id='word_1_4' title='bbox 637 568 819 644; x_wconf 84' lang='lat' dir='ltr'><strong>vocabatur,</strong></span> <span class='ocrx_word' id='word_1_5' title='bbox 836 581 868 630; x_wconf 87' lang='lat' dir='ltr'><strong>et</strong></span> <span class='ocrx_word' id='word_1_6' title='bbox 878 567 970 640; x_wconf 79' lang='lat' dir='ltr'><strong>Stilo,</strong></span> <span class='ocrx_word' id='word_1_7' title='bbox 985 567 1070 655; x_wconf 92' lang='lat' dir='ltr'><strong>qnod</strong></span> <span class='ocrx_word' id='word_1_8' title='bbox 1084 564 1243 629; x_wconf 84' lang='lat' dir='ltr'><strong>orationes</strong></span> <span class='ocrx_word' id='word_1_9' title='bbox 1264 563 1459 629; x_wconf 85' lang='lat' dir='ltr'><strong>nobilissimo</strong></span> 
     </span>
     <span class='ocr_line' id='line_1_3' title="bbox 356 663 1455 750; baseline -0.004 -22"><span class='ocrx_word' id='word_1_10' title='bbox 356 663 467 748; x_wconf 89' lang='lat' dir='ltr'><strong>cuique</strong></span> <span class='ocrx_word' id='word_1_11' title='bbox 490 665 631 728; x_wconf 82' lang='lat' dir='ltr'><strong>scribere</strong></span> <span class='ocrx_word' id='word_1_12' title='bbox 655 663 786 727; x_wconf 81' lang='lat' dir='ltr'><strong>solebat.</strong></span> <span class='ocrx_word' id='word_1_13' title='bbox 811 667 929 728; x_wconf 80' lang='lat' dir='ltr'><strong>Tantus</strong></span> <span class='ocrx_word' id='word_1_14' title='bbox 948 666 1132 750; x_wconf 85' lang='lat' dir='ltr'><strong>optimatum</strong></span> <span class='ocrx_word' id='word_1_15' title='bbox 1151 664 1254 726; x_wconf 79' lang='lat' dir='ltr'><strong>fautor</strong></span> <span class='ocrx_word' id='word_1_16' title='bbox 1268 675 1351 735; x_wconf 85' lang='lat' dir='ltr'><strong>erat,</strong></span> <span class='ocrx_word' id='word_1_17' title='bbox 1370 665 1455 746; x_wconf 85' lang='lat' dir='ltr'><strong>th.</strong></span> 
     </span>
     <span class='ocr_line' id='line_1_4' title="bbox 356 761 1368 848; baseline -0.005 -19"><span class='ocrx_word' id='word_1_18' title='bbox 356 767 513 829; x_wconf 76' lang='lat' dir='ltr'><strong>lletsllum</strong></span> <span class='ocrx_word' id='word_1_19' title='bbox 526 763 726 830; x_wconf 86' lang='lat' dir='ltr'><strong>Numidicum</strong></span> <span class='ocrx_word' id='word_1_20' title='bbox 737 767 772 828; x_wconf 94' lang='lat' dir='ltr'><strong>in</strong></span> <span class='ocrx_word' id='word_1_21' title='bbox 785 762 912 828; x_wconf 81' lang='lat' dir='ltr'><strong>exilium</strong></span> <span class='ocrx_word' id='word_1_22' title='bbox 926 769 1089 830; x_wconf 71' lang='lat' dir='ltr'><strong>comitatus</strong></span> <span class='ocrx_word' id='word_1_23' title='bbox 1102 765 1144 828; x_wconf 87' lang='lat' dir='ltr'><strong>sit</strong></span> <span class='ocrx_word' id='word_1_24' title='bbox 1156 761 1204 847; x_wconf 89' lang='lat' dir='ltr'><strong>(a.</strong></span> <span class='ocrx_word' id='word_1_25' title='bbox 1217 765 1257 830; x_wconf 88' lang='lat' dir='ltr'><strong>U.</strong></span> <span class='ocrx_word' id='word_1_26' title='bbox 1274 762 1368 848; x_wconf 82' lang='grc'><strong>653).</strong></span> 
     </span>
    </p>

    <p class='ocr_par' dir='ltr' id='par_1_3' title="bbox 352 863 1463 2414">
     <span class='ocr_line' id='line_1_5' title="bbox 398 863 1457 948; baseline 0 -20"><span class='ocrx_word' id='word_1_27' title='bbox 398 867 465 930; x_wconf 82' lang='lat' dir='ltr'><strong>cie.</strong></span> <span class='ocrx_word' id='word_1_28' title='bbox 483 870 570 930; x_wconf 82' lang='lat' dir='ltr'><strong>Brut.</strong></span> <span class='ocrx_word' id='word_1_29' title='bbox 590 889 620 932; x_wconf 89' lang='lat' dir='ltr'><strong>c.</strong></span> <span class='ocrx_word' id='word_1_30' title='bbox 638 871 691 941; x_wconf 82' lang='grc'><strong>56,</strong></span> <span class='ocrx_word' id='word_1_31' title='bbox 705 868 766 931; x_wconf 82' lang='lat'><strong>205</strong></span> <span class='ocrx_word' id='word_1_32' title='bbox 780 888 788 928; x_wconf 80' lang='lat' dir='ltr'><strong>t</strong></span> <span class='ocrx_word' id='word_1_33' title='bbox 809 867 907 928; x_wconf 82' lang='lat' dir='ltr'><strong>Cottoe</strong></span> <span class='ocrx_word' id='word_1_34' title='bbox 919 889 978 948; x_wconf 82' lang='lat' dir='ltr'><strong>pro</strong></span> <span class='ocrx_word' id='word_1_35' title='bbox 990 889 1024 930; x_wconf 81' lang='lat' dir='ltr'><strong>sc</strong></span> <span class='ocrx_word' id='word_1_36' title='bbox 1033 868 1103 948; x_wconf 78' lang='lat' dir='ltr'><strong>Iege</strong></span> <span class='ocrx_word' id='word_1_37' title='bbox 1116 866 1154 930; x_wconf 89' lang='lat' dir='ltr'><em>V</em></span> <span class='ocrx_word' id='word_1_38' title='bbox 1148 870 1215 926; x_wconf 80' lang='lat' dir='ltr'><strong>aru’a</strong></span> <span class='ocrx_word' id='word_1_39' title='bbox 1228 883 1296 947; x_wconf 78' lang='lat' dir='ltr'><strong>quoe</strong></span> <span class='ocrx_word' id='word_1_40' title='bbox 1314 863 1457 928; x_wconf 86' lang='lat' dir='ltr'><strong>inscribi·</strong></span> 
     </span>
     <span class='ocr_line' id='line_1_6' title="bbox 354 964 1456 1052; baseline 0.002 -24"><span class='ocrx_word' id='word_1_41' title='bbox 354 980 418 1044; x_wconf 89' lang='lat' dir='ltr'><strong>tur,</strong></span> <span class='ocrx_word' id='word_1_42' title='bbox 429 987 497 1031; x_wconf 88' lang='lat' dir='ltr'><strong>cam</strong></span> <span class='ocrx_word' id='word_1_43' title='bbox 508 969 545 1028; x_wconf 82' lang='lat' dir='ltr'><strong>t.</strong></span> <span class='ocrx_word' id='word_1_44' title='bbox 560 969 664 1030; x_wconf 83' lang='lat' dir='ltr'><strong>AElius</strong></span> <span class='ocrx_word' id='word_1_45' title='bbox 678 971 803 1048; x_wconf 75' lang='lat' dir='ltr'><strong>scripsit</strong></span> <span class='ocrx_word' id='word_1_46' title='bbox 819 968 914 1028; x_wconf 63' lang='lat' dir='ltr'><strong>Cottae</strong></span> <span class='ocrx_word' id='word_1_47' title='bbox 926 984 1044 1052; x_wconf 75' lang='lat' dir='ltr'><strong>rogatu.</strong></span> <span class='ocrx_word' id='word_1_48' title='bbox 1057 964 1304 1032; x_wconf 80' lang='lat' dir='ltr'><strong>Fuitisomnino</strong></span> <span class='ocrx_word' id='word_1_49' title='bbox 1313 968 1365 1028; x_wconf 83' lang='lat' dir='ltr'><strong>vir</strong></span> <span class='ocrx_word' id='word_1_50' title='bbox 1375 988 1456 1048; x_wconf 76' lang='lat' dir='ltr'><strong>eqre·</strong></span> 
     </span>
     <span class='ocr_line' id='line_1_7' title="bbox 353 1063 1461 1148; baseline 0 -20"><span class='ocrx_word' id='word_1_51' title='bbox 353 1069 422 1144; x_wconf 77' lang='lat' dir='ltr'><strong>gius</strong></span> <span class='ocrx_word' id='word_1_52' title='bbox 437 1080 470 1130; x_wconf 86' lang='lat' dir='ltr'><strong>et</strong></span> <span class='ocrx_word' id='word_1_53' title='bbox 483 1085 578 1148; x_wconf 82' lang='lat' dir='ltr'><strong>eques</strong></span> <span class='ocrx_word' id='word_1_54' title='bbox 589 1067 747 1130; x_wconf 83' lang='lat' dir='ltr'><strong>Romanus</strong></span> <span class='ocrx_word' id='word_1_55' title='bbox 760 1084 832 1128; x_wconf 89' lang='lat' dir='ltr'><strong>cum</strong></span> <span class='ocrx_word' id='word_1_56' title='bbox 846 1063 956 1148; x_wconf 86' lang='lat' dir='ltr'><strong>primis</strong></span> <span class='ocrx_word' id='word_1_57' title='bbox 973 1069 1122 1129; x_wconf 75' lang='lat' dir='ltr'><strong>honcuus</strong></span> <span class='ocrx_word' id='word_1_58' title='bbox 1134 1065 1276 1148; x_wconf 81' lang='lat' dir='ltr'>idemque</span> <span class='ocrx_word' id='word_1_59' title='bbox 1294 1066 1461 1128; x_wconf 86' lang='lat' dir='ltr'><strong>eruditissi-</strong></span> 
     </span>
     <span class='ocr_line' id='line_1_8' title="bbox 354 1159 1457 1244; baseline -0.003 -16"><span class='ocrx_word' id='word_1_60' title='bbox 354 1181 421 1228; x_wconf 85' lang='lat' dir='ltr'><strong>mus</strong></span> <span class='ocrx_word' id='word_1_61' title='bbox 444 1175 477 1225; x_wconf 87' lang='lat' dir='ltr'><strong>et</strong></span> <span class='ocrx_word' id='word_1_62' title='bbox 490 1163 611 1227; x_wconf 86' lang='lat' dir='ltr'><strong>Groecis</strong></span> <span class='ocrx_word' id='word_1_63' title='bbox 629 1162 732 1226; x_wconf 89' lang='lat' dir='ltr'><strong>literis</strong></span> <span class='ocrx_word' id='word_1_64' title='bbox 752 1176 784 1224; x_wconf 87' lang='lat' dir='ltr'><strong>et</strong></span> <span class='ocrx_word' id='word_1_65' title='bbox 803 1163 944 1240; x_wconf 73' lang='lat' dir='ltr'><strong>latiaris,</strong></span> <span class='ocrx_word' id='word_1_66' title='bbox 965 1159 1222 1244; x_wconf 67' lang='lat' dir='ltr'><strong>antiquitatisque</strong></span> <span class='ocrx_word' id='word_1_67' title='bbox 1248 1175 1362 1225; x_wconf 71' lang='lat' dir='ltr'><strong>nomrae</strong></span> <span class='ocrx_word' id='word_1_68' title='bbox 1381 1165 1457 1225; x_wconf 90' lang='lat' dir='ltr'><strong>etin</strong></span> 
     </span>
     <span class='ocr_line' id='line_1_9' title="bbox 353 1261 1458 1348; baseline 0.001 -24"><span class='ocrx_word' id='word_1_69' title='bbox 353 1263 490 1328; x_wconf 81' lang='lat' dir='ltr'><strong>inventis</strong></span> <span class='ocrx_word' id='word_1_70' title='bbox 508 1264 600 1328; x_wconf 88' lang='lat' dir='ltr'><strong>rebus</strong></span> <span class='ocrx_word' id='word_1_71' title='bbox 614 1279 646 1327; x_wconf 92' lang='lat' dir='ltr'><strong>et</strong></span> <span class='ocrx_word' id='word_1_72' title='bbox 669 1261 704 1328; x_wconf 90' lang='lat' dir='ltr'><strong>iu</strong></span> <span class='ocrx_word' id='word_1_73' title='bbox 723 1261 802 1327; x_wconf 87' lang='lat' dir='ltr'><strong>actis</strong></span> <span class='ocrx_word' id='word_1_74' title='bbox 821 1265 1071 1348; x_wconf 81' lang='lat' dir='ltr'><strong>scriptorumque</strong></span> <span class='ocrx_word' id='word_1_75' title='bbox 1085 1276 1225 1328; x_wconf 83' lang='lat' dir='ltr'><strong>veterum</strong></span> <span class='ocrx_word' id='word_1_76' title='bbox 1242 1263 1367 1326; x_wconf 81' lang='lat' dir='ltr'><strong>literato</strong></span> <span class='ocrx_word' id='word_1_77' title='bbox 1381 1264 1458 1346; x_wconf 84' lang='lat' dir='ltr'><strong>peri·</strong></span> 
     </span>
     <span class='ocr_line' id='line_1_10' title="bbox 354 1364 1457 1450; baseline 0.002 -22"><span class='ocrx_word' id='word_1_78' title='bbox 354 1379 422 1428; x_wconf 83' lang='lat' dir='ltr'><strong>tus:</strong></span> <span class='ocrx_word' id='word_1_79' title='bbox 442 1386 532 1448; x_wconf 88' lang='lat' dir='ltr'><strong>quern</strong></span> <span class='ocrx_word' id='word_1_80' title='bbox 546 1366 711 1430; x_wconf 85' lang='lat' dir='ltr'><strong>seientiam</strong></span> <span class='ocrx_word' id='word_1_81' title='bbox 727 1369 829 1429; x_wconf 85' lang='lat' dir='ltr'><strong>Varro</strong></span> <span class='ocrx_word' id='word_1_82' title='bbox 850 1379 957 1430; x_wconf 89' lang='lat' dir='ltr'><strong>noster</strong></span> <span class='ocrx_word' id='word_1_83' title='bbox 971 1379 1132 1450; x_wconf 84' lang='lat' dir='ltr'><strong>acceptam</strong></span> <span class='ocrx_word' id='word_1_84' title='bbox 1150 1364 1190 1430; x_wconf 86' lang='lat' dir='ltr'><strong>ab</strong></span> <span class='ocrx_word' id='word_1_85' title='bbox 1207 1365 1261 1429; x_wconf 90' lang='lat' dir='ltr'><strong>illo</strong></span> <span class='ocrx_word' id='word_1_86' title='bbox 1279 1379 1457 1446; x_wconf 80' lang='lat' dir='ltr'><strong>auctamque</strong></span> 
     </span>
     <span class='ocr_line' id='line_1_11' title="bbox 353 1463 1457 1552; baseline -0.001 -23"><span class='ocrx_word' id='word_1_87' title='bbox 353 1488 412 1550; x_wconf 90' lang='lat' dir='ltr'><strong>per</strong></span> <span class='ocrx_word' id='word_1_88' title='bbox 425 1487 503 1543; x_wconf 85' lang='lat' dir='ltr'><strong>sese,</strong></span> <span class='ocrx_word' id='word_1_89' title='bbox 524 1467 574 1530; x_wconf 82' lang='lat' dir='ltr'><strong>uir</strong></span> <span class='ocrx_word' id='word_1_90' title='bbox 594 1463 721 1548; x_wconf 80' lang='lat' dir='ltr'><strong>ingenio</strong></span> <span class='ocrx_word' id='word_1_91' title='bbox 744 1479 897 1552; x_wconf 67' lang='lat' dir='ltr'><strong>prostans</strong></span> <span class='ocrx_word' id='word_1_92' title='bbox 919 1466 1066 1551; x_wconf 83' lang='lat' dir='ltr'><strong>omnique</strong></span> <span class='ocrx_word' id='word_1_93' title='bbox 1088 1467 1245 1543; x_wconf 83' lang='lat' dir='ltr'><strong>doctrina,</strong></span> <span class='ocrx_word' id='word_1_94' title='bbox 1261 1467 1405 1550; x_wconf 89' lang='lat' dir='ltr'><strong>pluribus</strong></span> <span class='ocrx_word' id='word_1_95' title='bbox 1429 1480 1457 1530; x_wconf 87' lang='lat' dir='ltr'><strong>et</strong></span> 
     </span>
     <span class='ocr_line' id='line_1_12' title="bbox 352 1559 1456 1646; baseline 0.002 -22"><span class='ocrx_word' id='word_1_96' title='bbox 352 1559 574 1626; x_wconf 85' lang='lat' dir='ltr'><strong>illustrioribus</strong></span> <span class='ocrx_word' id='word_1_97' title='bbox 590 1559 690 1626; x_wconf 81' lang='lat' dir='ltr'><strong>litoris</strong></span> <span class='ocrx_word' id='word_1_98' title='bbox 701 1559 887 1646; x_wconf 86' lang='lat' dir='ltr'><strong>explicavit.</strong></span> <span class='ocrx_word' id='word_1_99' title='bbox 902 1565 964 1628; x_wconf 87' lang='lat' dir='ltr'><strong>Sed</strong></span> <span class='ocrx_word' id='word_1_100' title='bbox 978 1563 1061 1628; x_wconf 77' lang='lat' dir='ltr'><strong>idem</strong></span> <span class='ocrx_word' id='word_1_101' title='bbox 1072 1561 1169 1626; x_wconf 84' lang='lat' dir='ltr'><strong>AElius</strong></span> <span class='ocrx_word' id='word_1_102' title='bbox 1179 1563 1305 1628; x_wconf 84' lang='lat' dir='ltr'><strong>Stoicus</strong></span> <span class='ocrx_word' id='word_1_103' title='bbox 1318 1584 1387 1626; x_wconf 84' lang='lat' dir='ltr'><strong>esse</strong></span> <span class='ocrx_word' id='word_1_104' title='bbox 1407 1585 1456 1626; x_wconf 85' lang='lat' dir='ltr'><strong>vc·</strong></span> 
     </span>
     <span class='ocr_line' id='line_1_13' title="bbox 353 1657 1456 1746; baseline 0.003 -25"><span class='ocrx_word' id='word_1_105' title='bbox 353 1657 423 1735; x_wconf 88' lang='lat' dir='ltr'><strong>luit,</strong></span> <span class='ocrx_word' id='word_1_106' title='bbox 440 1673 548 1724; x_wconf 85' lang='lat' dir='ltr'><strong>orator</strong></span> <span class='ocrx_word' id='word_1_107' title='bbox 562 1672 664 1723; x_wconf 88' lang='lat' dir='ltr'><strong>autern</strong></span> <span class='ocrx_word' id='word_1_108' title='bbox 679 1681 737 1724; x_wconf 90' lang='lat' dir='ltr'><strong>nee</strong></span> <span class='ocrx_word' id='word_1_109' title='bbox 746 1663 861 1726; x_wconf 87' lang='lat' dir='ltr'><strong>studuit</strong></span> <span class='ocrx_word' id='word_1_110' title='bbox 872 1682 1072 1746; x_wconf 87' lang='lat' dir='ltr'><strong>unquamncc</strong></span> <span class='ocrx_word' id='word_1_111' title='bbox 1083 1657 1151 1724; x_wconf 82' lang='lat' dir='ltr'><strong>luit.</strong></span> <span class='ocrx_word' id='word_1_112' title='bbox 1168 1661 1332 1724; x_wconf 80' lang='lat' dir='ltr'><strong>Scribebat</strong></span> <span class='ocrx_word' id='word_1_113' title='bbox 1343 1675 1456 1736; x_wconf 85' lang='lat' dir='ltr'><strong>tamon,</strong></span> 
     </span>
     <span class='ocr_line' id='line_1_14' title="bbox 353 1759 1456 1842; baseline 0.003 -25"><span class='ocrx_word' id='word_1_114' title='bbox 353 1761 520 1827; x_wconf 80' lang='lat' dir='ltr'><strong>orationes,</strong></span> <span class='ocrx_word' id='word_1_115' title='bbox 534 1779 610 1842; x_wconf 81' lang='lat' dir='ltr'><strong>quus</strong></span> <span class='ocrx_word' id='word_1_116' title='bbox 623 1759 682 1818; x_wconf 73' lang='lat' dir='ltr'><strong>alit</strong></span> <span class='ocrx_word' id='word_1_117' title='bbox 694 1760 842 1836; x_wconf 80' lang='lat' dir='ltr'><strong>dicerent,</strong></span> <span class='ocrx_word' id='word_1_118' title='bbox 857 1775 888 1820; x_wconf 86' lang='lat' dir='ltr'><strong>ut</strong></span> <span class='ocrx_word' id='word_1_119' title='bbox 901 1762 942 1842; x_wconf 83' lang='lat' dir='ltr'><strong>Q.</strong></span> <span class='ocrx_word' id='word_1_120' title='bbox 955 1760 1079 1822; x_wconf 77' lang='lat' dir='ltr'><strong>Metello</strong></span> <span class='ocrx_word' id='word_1_121' title='bbox 1091 1761 1133 1821; x_wconf 88' lang='lat' dir='ltr'><strong>F.</strong></span> <span class='ocrx_word' id='word_1_122' title='bbox 1136 1805 1147 1834; x_wconf 93' lang='lat'><strong>,</strong></span> <span class='ocrx_word' id='word_1_123' title='bbox 1161 1775 1192 1820; x_wconf 83' lang='lat' dir='ltr'><strong>ut</strong></span> <span class='ocrx_word' id='word_1_124' title='bbox 1206 1760 1246 1842; x_wconf 77' lang='lat' dir='ltr'><strong>Q.</strong></span> <span class='ocrx_word' id='word_1_125' title='bbox 1263 1760 1412 1840; x_wconf 72' lang='lat' dir='ltr'><strong>Caepioni,</strong></span> <span class='ocrx_word' id='word_1_126' title='bbox 1426 1776 1456 1820; x_wconf 88' lang='lat' dir='ltr'><strong>ut</strong></span> 
     </span>
     <span class='ocr_line' id='line_1_15' title="bbox 356 1853 1460 1940; baseline 0.006 -28"><span class='ocrx_word' id='word_1_127' title='bbox 356 1854 397 1936; x_wconf 83' lang='lat' dir='ltr'><strong>Q.</strong></span> <span class='ocrx_word' id='word_1_128' title='bbox 419 1853 667 1935; x_wconf 82' lang='lat' dir='ltr'><strong>Pompeiolluso</strong></span> <span class='ocrx_word' id='word_1_129' title='bbox 680 1877 885 1937; x_wconf 76' lang='lat' dir='ltr'><strong>:quamquam</strong></span> <span class='ocrx_word' id='word_1_130' title='bbox 897 1857 928 1918; x_wconf 82' lang='lat' dir='ltr'><strong>ia</strong></span> <span class='ocrx_word' id='word_1_131' title='bbox 945 1857 1039 1920; x_wconf 87' lang='lat' dir='ltr'><strong>etiam</strong></span> <span class='ocrx_word' id='word_1_132' title='bbox 1053 1856 1121 1940; x_wconf 89' lang='lat' dir='ltr'><strong>ipse</strong></span> <span class='ocrx_word' id='word_1_133' title='bbox 1136 1853 1263 1938; x_wconf 86' lang='lat' dir='ltr'><strong>scripsit</strong></span> <span class='ocrx_word' id='word_1_134' title='bbox 1273 1877 1337 1932; x_wconf 83' lang='lat' dir='ltr'><strong>eas,</strong></span> <span class='ocrx_word' id='word_1_135' title='bbox 1354 1857 1460 1938; x_wconf 88' lang='lat' dir='ltr'><strong>quibus</strong></span> 
     </span>
     <span class='ocr_line' id='line_1_16' title="bbox 353 1955 1456 2038; baseline 0.003 -22"><span class='ocrx_word' id='word_1_136' title='bbox 353 1975 412 2038; x_wconf 93' lang='lat' dir='ltr'><strong>pro</strong></span> <span class='ocrx_word' id='word_1_137' title='bbox 425 1975 459 2018; x_wconf 86' lang='lat' dir='ltr'><strong>se</strong></span> <span class='ocrx_word' id='word_1_138' title='bbox 472 1967 520 2020; x_wconf 83' lang='lat' dir='ltr'><strong>cst</strong></span> <span class='ocrx_word' id='word_1_139' title='bbox 538 1975 618 2032; x_wconf 89' lang='lat' dir='ltr'><strong>usus,</strong></span> <span class='ocrx_word' id='word_1_140' title='bbox 637 1957 692 2018; x_wconf 87' lang='lat' dir='ltr'><strong>sed</strong></span> <span class='ocrx_word' id='word_1_141' title='bbox 710 1977 773 2020; x_wconf 92' lang='lat' dir='ltr'><strong>nou</strong></span> <span class='ocrx_word' id='word_1_142' title='bbox 787 1955 856 2022; x_wconf 88' lang='lat' dir='ltr'><strong>siue</strong></span> <span class='ocrx_word' id='word_1_143' title='bbox 871 1957 964 2020; x_wconf 85' lang='lat' dir='ltr'><strong>AElio.</strong></span> <span class='ocrx_word' id='word_1_144' title='bbox 988 1955 1046 2020; x_wconf 82' lang='lat' dir='ltr'><strong>llis</strong></span> <span class='ocrx_word' id='word_1_145' title='bbox 1068 1958 1152 2020; x_wconf 88' lang='lat' dir='ltr'><strong>euim</strong></span> <span class='ocrx_word' id='word_1_146' title='bbox 1168 1957 1344 2020; x_wconf 85' lang='lat' dir='ltr'><strong>scribendis</strong></span> <span class='ocrx_word' id='word_1_147' title='bbox 1365 1956 1456 2020; x_wconf 83' lang='lat' dir='ltr'><strong>etiam</strong></span> 
     </span>
     <span class='ocr_line' id='line_1_17' title="bbox 353 2053 1458 2142; baseline 0.004 -24"><span class='ocrx_word' id='word_1_148' title='bbox 353 2057 418 2140; x_wconf 86' lang='lat' dir='ltr'><strong>ipse</strong></span> <span class='ocrx_word' id='word_1_149' title='bbox 430 2053 569 2130; x_wconf 83' lang='lat' dir='ltr'><strong>interlui,</strong></span> <span class='ocrx_word' id='word_1_150' title='bbox 591 2077 661 2120; x_wconf 88' lang='lat' dir='ltr'><strong>cum</strong></span> <span class='ocrx_word' id='word_1_151' title='bbox 676 2077 774 2122; x_wconf 68' lang='lat' dir='ltr'><strong>oeaem</strong></span> <span class='ocrx_word' id='word_1_152' title='bbox 788 2061 870 2142; x_wconf 87' lang='lat' dir='ltr'><strong>apud</strong></span> <span class='ocrx_word' id='word_1_153' title='bbox 883 2059 997 2122; x_wconf 87' lang='lat' dir='ltr'><strong>AElium</strong></span> <span class='ocrx_word' id='word_1_154' title='bbox 1011 2059 1191 2124; x_wconf 85' lang='lat' dir='ltr'><strong>adolescens</strong></span> <span class='ocrx_word' id='word_1_155' title='bbox 1208 2079 1341 2142; x_wconf 85' lang='lat' dir='ltr'><strong>eumque</strong></span> <span class='ocrx_word' id='word_1_156' title='bbox 1354 2060 1458 2122; x_wconf 88' lang='lat' dir='ltr'><strong>andire</strong></span> 
     </span>
     <span class='ocr_line' id='line_1_18' title="bbox 353 2155 1463 2240; baseline 0.003 -24"><span class='ocrx_word' id='word_1_157' title='bbox 353 2155 489 2218; x_wconf 87' lang='lat' dir='ltr'><strong>studiose</strong></span> <span class='ocrx_word' id='word_1_158' title='bbox 512 2155 656 2218; x_wconf 87' lang='lat' dir='ltr'><strong>solerem.</strong></span> <span class='ocrx_word' id='word_1_159' title='bbox 681 2155 803 2218; x_wconf 89' lang='lat' dir='ltr'><strong>Cottam</strong></span> <span class='ocrx_word' id='word_1_160' title='bbox 825 2169 927 2220; x_wconf 82' lang='lat' dir='ltr'><strong>autem</strong></span> <span class='ocrx_word' id='word_1_161' title='bbox 950 2157 1060 2232; x_wconf 85' lang='lat' dir='ltr'><strong>miror,</strong></span> <span class='ocrx_word' id='word_1_162' title='bbox 1077 2177 1233 2223; x_wconf 82' lang='lat' dir='ltr'><strong>sumtuum</strong></span> <span class='ocrx_word' id='word_1_163' title='bbox 1247 2157 1348 2240; x_wconf 82' lang='lat' dir='ltr'><strong>ipsum</strong></span> <span class='ocrx_word' id='word_1_164' title='bbox 1361 2171 1463 2221; x_wconf 89' lang='lat' dir='ltr'><strong>orato·</strong></span> 
     </span>
     <span class='ocr_line' id='line_1_19' title="bbox 355 2253 1457 2337; baseline 0.005 -22"><span class='ocrx_word' id='word_1_165' title='bbox 355 2273 425 2315; x_wconf 89' lang='lat' dir='ltr'><strong>rum</strong></span> <span class='ocrx_word' id='word_1_166' title='bbox 448 2253 802 2337; x_wconf 85' lang='lat' dir='ltr'><strong>minimequeineptum,</strong></span> <span class='ocrx_word' id='word_1_167' title='bbox 829 2257 976 2318; x_wconf 70' lang='lat' dir='ltr'><strong>AEtunas</strong></span> <span class='ocrx_word' id='word_1_168' title='bbox 994 2257 1074 2318; x_wconf 78' lang='lat' dir='ltr'><strong>Ioves</strong></span> <span class='ocrx_word' id='word_1_169' title='bbox 1099 2257 1303 2319; x_wconf 68' lang='lat' dir='ltr'><strong>maturandos</strong></span> <span class='ocrx_word' id='word_1_170' title='bbox 1327 2259 1457 2320; x_wconf 78' lang='lat' dir='ltr'><strong>votuisse</strong></span> 
     </span>
     <span class='ocr_line' id='line_1_20' title="bbox 353 2347 623 2414; baseline -0.004 -2"><span class='ocrx_word' id='word_1_171' title='bbox 353 2347 529 2413; x_wconf 83' lang='lat' dir='ltr'><strong>existimari</strong></span> <span class='ocrx_word' id='word_1_172' title='bbox 542 2370 623 2414; x_wconf 82' lang='lat' dir='ltr'><strong>suas.</strong></span> 
     </span>
    </p>
   </div>
   <div class='ocr_carea' id='block_1_3' title="bbox 262 2461 1460 2574">
    <p class='ocr_par' dir='ltr' id='par_1_4' title="bbox 262 2461 1460 2574">
     <span class='ocr_line' id='line_1_21' title="bbox 262 2461 1460 2574; baseline 0.006 -25"><span class='ocrx_word' id='word_1_173' title='bbox 262 2461 328 2532; x_wconf 70' lang='lat'><strong>¹63</strong></span> <span class='ocrx_word' id='word_1_174' title='bbox 391 2497 423 2564; x_wconf 82' lang='lat' dir='ltr'><strong>O.</strong></span> <span class='ocrx_word' id='word_1_175' title='bbox 438 2495 547 2551; x_wconf 72' lang='lat' dir='ltr'><strong>Metello</strong></span> <span class='ocrx_word' id='word_1_176' title='bbox 558 2500 610 2568; x_wconf 84' lang='lat' dir='ltr'><strong>F.]</strong></span> <span class='ocrx_word' id='word_1_177' title='bbox 630 2499 718 2554; x_wconf 79' lang='lat' dir='ltr'><strong>intell.</strong></span> <span class='ocrx_word' id='word_1_178' title='bbox 735 2500 923 2568; x_wconf 84' lang='lat' dir='ltr'><strong>Q.&#39;&#39;ldetellum</strong></span> <span class='ocrx_word' id='word_1_179' title='bbox 947 2503 1092 2573; x_wconf 78' lang='lat' dir='ltr'><strong>Nepotem,</strong></span> <span class='ocrx_word' id='word_1_180' title='bbox 1112 2501 1241 2556; x_wconf 81' lang='lat' dir='ltr'><strong>Bnlcurici</strong></span> <span class='ocrx_word' id='word_1_181' title='bbox 1262 2503 1365 2567; x_wconf 80' lang='lat' dir='ltr'><strong>fitium,</strong></span> <span class='ocrx_word' id='word_1_182' title='bbox 1386 2521 1460 2574; x_wconf 84' lang='lat' dir='ltr'><strong>quem</strong></span> 
     </span>
    </p>
   </div>
   <div class='ocr_carea' id='block_1_4' title="bbox 423 2581 1226 2659">
    <p class='ocr_par' dir='ltr' id='par_1_5' title="bbox 423 2581 1226 2659">
     <span class='ocr_line' id='line_1_22' title="bbox 423 2581 1226 2659; baseline 0.004 -24"><span class='ocrx_word' id='word_1_183' title='bbox 423 2582 456 2648; x_wconf 67' lang='lat' dir='ltr'><strong>C,</strong></span> <span class='ocrx_word' id='word_1_184' title='bbox 471 2581 554 2636; x_wconf 87' lang='lat' dir='ltr'><strong>Curio</strong></span> <span class='ocrx_word' id='word_1_185' title='bbox 565 2583 708 2648; x_wconf 69' lang='lat' dir='ltr'><strong>accnurit,</strong></span> <span class='ocrx_word' id='word_1_186' title='bbox 724 2583 858 2656; x_wconf 72' lang='lat' dir='ltr'><strong>appulsis</strong></span> <span class='ocrx_word' id='word_1_187' title='bbox 872 2597 941 2640; x_wconf 82' lang='lat' dir='ltr'><strong>teste</strong></span> <span class='ocrx_word' id='word_1_188' title='bbox 952 2583 981 2638; x_wconf 84' lang='lat' dir='ltr'><strong>in</strong></span> <span class='ocrx_word' id='word_1_189' title='bbox 996 2585 1108 2659; x_wconf 72' lang='lat' dir='ltr'><strong>Apolog.</strong></span> <span class='ocrx_word' id='word_1_190' title='bbox 1120 2607 1148 2658; x_wconf 87' lang='lat' dir='ltr'><strong>p.</strong></span> <span class='ocrx_word' id='word_1_191' title='bbox 1165 2588 1226 2639; x_wconf 79' lang='lat' dir='ltr'><strong>cto.</strong></span> 
     </span>
    </p>
   </div>
   <div class='ocr_carea' id='block_1_5' title="bbox 387 2697 1456 2880">
    <p class='ocr_par' dir='ltr' id='par_1_6' title="bbox 387 2697 1456 2880">
     <span class='ocr_line' id='line_1_23' title="bbox 387 2697 1456 2800; baseline 0.002 -27"><span class='ocrx_word' id='word_1_192' title='bbox 387 2726 418 2773; x_wconf 82' lang='lat' dir='ltr'><strong>ul</strong></span> <span class='ocrx_word' id='word_1_193' title='bbox 434 2721 467 2787; x_wconf 79' lang='lat' dir='ltr'><strong>Q.</strong></span> <span class='ocrx_word' id='word_1_194' title='bbox 490 2720 619 2793; x_wconf 72' lang='lat' dir='ltr'><strong>Captiani]</strong></span> <span class='ocrx_word' id='word_1_195' title='bbox 633 2739 713 2794; x_wconf 82' lang='lat' dir='ltr'><strong>supra</strong></span> <span class='ocrx_word' id='word_1_196' title='bbox 733 2742 758 2777; x_wconf 86' lang='lat' dir='ltr'><strong>e.</strong></span> <span class='ocrx_word' id='word_1_197' title='bbox 781 2723 833 2777; x_wconf 74' lang='lat' dir='ltr'><strong>tos</strong></span> <span class='ocrx_word' id='word_1_198' title='bbox 854 2719 977 2776; x_wconf 59' lang='lat' dir='ltr'><strong>&amp;attoni</strong></span> <span class='ocrx_word' id='word_1_199' title='bbox 995 2697 1102 2776; x_wconf 74' lang='lat' dir='ltr'><strong>Betuct&#39;t&#39;</strong></span> <span class='ocrx_word' id='word_1_200' title='bbox 1117 2724 1244 2800; x_wconf 72' lang='lat' dir='ltr'><strong>Coeptonr&#39;s</strong></span> <span class='ocrx_word' id='word_1_201' title='bbox 1262 2742 1306 2778; x_wconf 79' lang='lat' dir='ltr'><strong>ore</strong></span> <span class='ocrx_word' id='word_1_202' title='bbox 1329 2721 1456 2797; x_wconf 80' lang='lat' dir='ltr'><strong>respondit</strong></span> 
     </span>
     <span class='ocr_line' id='line_1_24' title="bbox 425 2807 1009 2880; baseline 0.005 -20"><span class='ocrx_word' id='word_1_203' title='bbox 425 2808 529 2869; x_wconf 57' lang='grc' dir='ltr'><strong>(Εἶὲν,</strong></span> <span class='ocrx_word' id='word_1_204' title='bbox 540 2807 758 2880; x_wconf 75' lang='lat' dir='ltr'><strong>qut&#39;surr&#39;ptt‘lcot&#39;t</strong></span> <span class='ocrx_word' id='word_1_205' title='bbox 767 2808 895 2863; x_wconf 66' lang='lat' dir='ltr'><strong>malrum</strong></span> <span class='ocrx_word' id='word_1_206' title='bbox 908 2811 1009 2864; x_wconf 75' lang='lat' dir='ltr'><strong>multis.</strong></span> 
     </span>
    </p>
   </div>
   <div class='ocr_carea' id='block_1_6' title="bbox 358 2947 873 3022">
    <p class='ocr_par' dir='ltr' id='par_1_7' title="bbox 358 2947 873 3022">
     <span class='ocr_line' id='line_1_25' title="bbox 358 2947 873 3022; baseline 0 -20"><span class='ocrx_word' id='word_1_207' title='bbox 358 2953 391 3017; x_wconf 78' lang='lat' dir='ltr'><strong>Q.</strong></span> <span class='ocrx_word' id='word_1_208' title='bbox 401 2947 523 3022; x_wconf 63' lang='lat' dir='ltr'><strong>Pompam</strong></span> <span class='ocrx_word' id='word_1_209' title='bbox 531 2950 620 3020; x_wconf 66' lang='lat' dir='ltr'><strong>Rufi]</strong></span> <span class='ocrx_word' id='word_1_210' title='bbox 641 2969 715 3003; x_wconf 85' lang='lat' dir='ltr'><strong>eous.</strong></span> <span class='ocrx_word' id='word_1_211' title='bbox 726 2969 750 3004; x_wconf 89' lang='lat' dir='ltr'><strong>u.</strong></span> <span class='ocrx_word' id='word_1_212' title='bbox 762 2951 797 3006; x_wconf 85' lang='lat' dir='ltr'><strong>U.</strong></span> <span class='ocrx_word' id='word_1_213' title='bbox 811 2951 873 3004; x_wconf 79' lang='lat'>665.</span> 
     </span>
    </p>
   </div>
   <div class='ocr_carea' id='block_1_7' title="bbox 656 3121 1151 3348">
    <p class='ocr_par' dir='ltr' id='par_1_8' title="bbox 656 3121 1151 3348">
     <span class='ocr_line' id='line_1_26' title="bbox 656 3121 1151 3234; baseline 0.01 -25"><span class='ocrx_word' id='word_1_214' title='bbox 656 3139 736 3210; x_wconf 92' lang='lat' dir='ltr'><strong>Lll.</strong></span> <span class='ocrx_word' id='word_1_215' title='bbox 764 3137 807 3209; x_wconf 91' lang='lat' dir='ltr'><strong>C.</strong></span> <span class='ocrx_word' id='word_1_216' title='bbox 836 3137 1003 3212; x_wconf 80' lang='lat' dir='ltr'><strong>Aurelius</strong></span> <span class='ocrx_word' id='word_1_217' title='bbox 1031 3121 1151 3234; x_wconf 80' lang='lat' dir='ltr'><strong>Cotta.</strong></span> 
     </span>
     <span class='ocr_line' id='line_1_27' title="bbox 700 3243 1108 3348; baseline 0.005 -28"><span class='ocrx_word' id='word_1_218' title='bbox 700 3243 884 3343; x_wconf 78' lang='lat' dir='ltr'><strong>[Ellendt.</strong></span> <span class='ocrx_word' id='word_1_219' title='bbox 905 3273 942 3344; x_wconf 86' lang='lat' dir='ltr'><strong>p.</strong></span> <span class='ocrx_word' id='word_1_220' title='bbox 963 3249 1108 3348; x_wconf 56' lang='lat' dir='ltr'><strong>tutu]</strong></span> 
     </span>
    </p>
   </div>
   <div class='ocr_carea' id='block_1_8' title="bbox 356 3439 1580 4324">
    <p class='ocr_par' dir='ltr' id='par_1_9' title="bbox 398 3439 1458 3534">
     <span class='ocr_line' id='line_1_28' title="bbox 398 3439 1458 3534; baseline 0.007 -25"><span class='ocrx_word' id='word_1_221' title='bbox 398 3447 464 3510; x_wconf 81' lang='lat' dir='ltr'><strong>cic.</strong></span> <span class='ocrx_word' id='word_1_222' title='bbox 494 3439 583 3510; x_wconf 86' lang='lat' dir='ltr'><strong>Brut.</strong></span> <span class='ocrx_word' id='word_1_223' title='bbox 612 3469 640 3512; x_wconf 88' lang='lat' dir='ltr'><strong>c.</strong></span> <span class='ocrx_word' id='word_1_224' title='bbox 664 3447 728 3512; x_wconf 81' lang='lat' dir='ltr'><strong>ts:</strong></span> <span class='ocrx_word' id='word_1_225' title='bbox 746 3449 856 3514; x_wconf 84' lang='lat' dir='ltr'><strong>lisdem</strong></span> <span class='ocrx_word' id='word_1_226' title='bbox 873 3450 937 3514; x_wconf 89' lang='lat' dir='ltr'><strong>lero</strong></span> <span class='ocrx_word' id='word_1_227' title='bbox 962 3453 1166 3534; x_wconf 83' lang='lat' dir='ltr'><strong>temporibus,</strong></span> <span class='ocrx_word' id='word_1_228' title='bbox 1186 3465 1274 3516; x_wconf 81' lang='lat' dir='ltr'><strong>oetate</strong></span> <span class='ocrx_word' id='word_1_229' title='bbox 1297 3451 1458 3518; x_wconf 77' lang='lat' dir='ltr'><strong>interiores</strong></span> 
     </span>
    </p>

    <p class='ocr_par' dir='ltr' id='par_1_10' title="bbox 356 3549 1454 3636">
     <span class='ocr_line' id='line_1_29' title="bbox 356 3549 1454 3636; baseline 0.002 -24"><span class='ocrx_word' id='word_1_230' title='bbox 356 3551 449 3632; x_wconf 90' lang='lat' dir='ltr'><strong>paulo</strong></span> <span class='ocrx_word' id='word_1_231' title='bbox 463 3569 555 3632; x_wconf 88' lang='lat' dir='ltr'><strong>quam</strong></span> <span class='ocrx_word' id='word_1_232' title='bbox 572 3549 685 3623; x_wconf 87' lang='lat' dir='ltr'><strong>Julius,</strong></span> <span class='ocrx_word' id='word_1_233' title='bbox 709 3551 763 3612; x_wconf 90' lang='lat' dir='ltr'><strong>scd</strong></span> <span class='ocrx_word' id='word_1_234' title='bbox 776 3553 907 3632; x_wconf 72' lang='lat' dir='ltr'><strong>aequales</strong></span> <span class='ocrx_word' id='word_1_235' title='bbox 921 3555 1144 3636; x_wconf 88' lang='lat' dir='ltr'><strong>propemodum</strong></span> <span class='ocrx_word' id='word_1_236' title='bbox 1158 3553 1286 3619; x_wconf 82' lang='lat' dir='ltr'><strong>inarum</strong></span> <span class='ocrx_word' id='word_1_237' title='bbox 1297 3554 1336 3618; x_wconf 91' lang='lat' dir='ltr'><strong>C.</strong></span> <span class='ocrx_word' id='word_1_238' title='bbox 1354 3555 1454 3624; x_wconf 86' lang='lat' dir='ltr'><strong>Cotta,</strong></span> 
     </span>
    </p>

    <p class='ocr_par' dir='ltr' id='par_1_11' title="bbox 357 3647 1452 3734">
     <span class='ocr_line' id='line_1_30' title="bbox 357 3647 1452 3734; baseline 0.001 -26"><span class='ocrx_word' id='word_1_239' title='bbox 357 3649 392 3708; x_wconf 87' lang='lat' dir='ltr'><strong>P.</strong></span> <span class='ocrx_word' id='word_1_240' title='bbox 413 3647 577 3730; x_wconf 87' lang='lat' dir='ltr'><strong>Sulpicius,</strong></span> <span class='ocrx_word' id='word_1_241' title='bbox 603 3647 645 3730; x_wconf 91' lang='lat' dir='ltr'><strong>Q.</strong></span> <span class='ocrx_word' id='word_1_242' title='bbox 668 3647 793 3723; x_wconf 87' lang='lat' dir='ltr'><strong>Varius,</strong></span> <span class='ocrx_word' id='word_1_243' title='bbox 810 3649 869 3712; x_wconf 90' lang='lat' dir='ltr'><strong>Cn.</strong></span> <span class='ocrx_word' id='word_1_244' title='bbox 887 3649 1085 3734; x_wconf 87' lang='lat' dir='ltr'><strong>Pomponius,</strong></span> <span class='ocrx_word' id='word_1_245' title='bbox 1100 3651 1138 3716; x_wconf 88' lang='lat' dir='ltr'><strong>C.</strong></span> <span class='ocrx_word' id='word_1_246' title='bbox 1157 3649 1266 3722; x_wconf 89' lang='lat' dir='ltr'><strong>Curio,</strong></span> <span class='ocrx_word' id='word_1_247' title='bbox 1290 3654 1324 3713; x_wconf 90' lang='lat' dir='ltr'><strong>L.</strong></span> <span class='ocrx_word' id='word_1_248' title='bbox 1342 3649 1452 3723; x_wconf 83' lang='lat' dir='ltr'><strong>Folius,</strong></span> 
     </span>
    </p>

    <p class='ocr_par' dir='ltr' id='par_1_12' title="bbox 358 3739 1455 3824">
     <span class='ocr_line' id='line_1_31' title="bbox 358 3739 1455 3824; baseline 0.004 -20"><span class='ocrx_word' id='word_1_249' title='bbox 358 3745 400 3804; x_wconf 86' lang='grc' dir='ltr'><strong>Μ.</strong></span> <span class='ocrx_word' id='word_1_250' title='bbox 414 3745 543 3820; x_wconf 85' lang='lat' dir='ltr'><strong>Drusus,</strong></span> <span class='ocrx_word' id='word_1_251' title='bbox 559 3739 596 3808; x_wconf 84' lang='lat' dir='ltr'><strong>P.</strong></span> <span class='ocrx_word' id='word_1_252' title='bbox 615 3745 779 3824; x_wconf 84' lang='lat' dir='ltr'><strong>Antistius,</strong></span> <span class='ocrx_word' id='word_1_253' title='bbox 795 3765 855 3808; x_wconf 87' lang='lat' dir='ltr'><strong>neo</strong></span> <span class='ocrx_word' id='word_1_254' title='bbox 868 3745 932 3808; x_wconf 89' lang='lat' dir='ltr'><strong>ulla</strong></span> <span class='ocrx_word' id='word_1_255' title='bbox 945 3757 1036 3808; x_wconf 87' lang='lat' dir='ltr'><strong>aetate</strong></span> <span class='ocrx_word' id='word_1_256' title='bbox 1051 3747 1178 3812; x_wconf 85' lang='lat' dir='ltr'><strong>uberior</strong></span> <span class='ocrx_word' id='word_1_257' title='bbox 1207 3763 1366 3812; x_wconf 90' lang='lat' dir='ltr'><strong>oratorum</strong></span> <span class='ocrx_word' id='word_1_258' title='bbox 1379 3747 1455 3809; x_wconf 88' lang='lat' dir='ltr'><strong>letus</strong></span> 
     </span>
    </p>

    <p class='ocr_par' dir='ltr' id='par_1_13' title="bbox 357 3831 1580 3928">
     <span class='ocr_line' id='line_1_32' title="bbox 357 3839 1454 3928; baseline 0.002 -25"><span class='ocrx_word' id='word_1_259' title='bbox 357 3839 424 3903; x_wconf 85' lang='lat' dir='ltr'><strong>luit.</strong></span> <span class='ocrx_word' id='word_1_260' title='bbox 447 3843 494 3904; x_wconf 85' lang='lat' dir='ltr'><strong>Ex</strong></span> <span class='ocrx_word' id='word_1_261' title='bbox 513 3842 563 3904; x_wconf 91' lang='lat' dir='ltr'><strong>his</strong></span> <span class='ocrx_word' id='word_1_262' title='bbox 577 3841 668 3905; x_wconf 91' lang='lat' dir='ltr'><strong>Cotta</strong></span> <span class='ocrx_word' id='word_1_263' title='bbox 689 3854 722 3904; x_wconf 88' lang='lat' dir='ltr'><strong>et</strong></span> <span class='ocrx_word' id='word_1_264' title='bbox 740 3841 894 3926; x_wconf 88' lang='lat' dir='ltr'><strong>Sulpicius</strong></span> <span class='ocrx_word' id='word_1_265' title='bbox 917 3864 987 3906; x_wconf 92' lang='lat' dir='ltr'><strong>cum</strong></span> <span class='ocrx_word' id='word_1_266' title='bbox 1009 3863 1079 3908; x_wconf 87' lang='lat' dir='ltr'><strong>meo</strong></span> <span class='ocrx_word' id='word_1_267' title='bbox 1102 3843 1220 3928; x_wconf 87' lang='lat' dir='ltr'><strong>jndicio</strong></span> <span class='ocrx_word' id='word_1_268' title='bbox 1237 3858 1303 3908; x_wconf 90' lang='lat' dir='ltr'><strong>tum</strong></span> <span class='ocrx_word' id='word_1_269' title='bbox 1318 3845 1454 3908; x_wconf 88' lang='lat' dir='ltr'><strong>omnium</strong></span> 
     </span>
    </p>

    <p class='ocr_par' dir='ltr' id='par_1_14' title="bbox 357 3927 1580 4125">
     <span class='ocr_line' id='line_1_33' title="bbox 357 3927 1580 4021; baseline 0.006 -21"><span class='ocrx_word' id='word_1_270' title='bbox 357 3937 448 4000; x_wconf 83' lang='lat' dir='ltr'><strong>lucile</strong></span> <span class='ocrx_word' id='word_1_271' title='bbox 458 3939 575 4021; x_wconf 88' lang='lat' dir='ltr'><strong>primas</strong></span> <span class='ocrx_word' id='word_1_272' title='bbox 587 3939 737 4002; x_wconf 81' lang='lat' dir='ltr'><strong>tulerunt.</strong></span> <span class='ocrx_word' id='word_1_273' title='bbox 1579 3927 1580 3946; x_wconf 18' lang='grc' dir='ltr'>ἦ</span> 
     </span>
     <span class='ocr_line' id='line_1_34' title="bbox 400 4037 1452 4125; baseline -0.001 -25"><span class='ocrx_word' id='word_1_274' title='bbox 400 4037 450 4100; x_wconf 91' lang='lat' dir='ltr'><strong>lb.</strong></span> <span class='ocrx_word' id='word_1_275' title='bbox 463 4059 494 4101; x_wconf 89' lang='lat' dir='ltr'><strong>o.</strong></span> <span class='ocrx_word' id='word_1_276' title='bbox 504 4037 557 4114; x_wconf 85' lang='grc'><strong>55,</strong></span> <span class='ocrx_word' id='word_1_277' title='bbox 568 4039 649 4102; x_wconf 80' lang='lat'><strong>202:</strong></span> <span class='ocrx_word' id='word_1_278' title='bbox 666 4039 849 4104; x_wconf 82' lang='lat' dir='ltr'><strong>inveniebat</strong></span> <span class='ocrx_word' id='word_1_279' title='bbox 864 4053 953 4103; x_wconf 87' lang='lat' dir='ltr'><strong>acute</strong></span> <span class='ocrx_word' id='word_1_280' title='bbox 962 4038 1066 4116; x_wconf 88' lang='lat' dir='ltr'><strong>Cotta,</strong></span> <span class='ocrx_word' id='word_1_281' title='bbox 1080 4037 1206 4104; x_wconf 88' lang='lat' dir='ltr'><strong>dicebat</strong></span> <span class='ocrx_word' id='word_1_282' title='bbox 1213 4062 1289 4125; x_wconf 89' lang='lat' dir='ltr'><strong>pure</strong></span> <span class='ocrx_word' id='word_1_283' title='bbox 1298 4061 1335 4104; x_wconf 89' lang='lat' dir='ltr'><strong>ao</strong></span> <span class='ocrx_word' id='word_1_284' title='bbox 1346 4042 1452 4102; x_wconf 84' lang='lat' dir='ltr'><strong>solute.</strong></span> 
     </span>
    </p>

    <p class='ocr_par' dir='ltr' id='par_1_15' title="bbox 356 4132 1454 4219">
     <span class='ocr_line' id='line_1_35' title="bbox 356 4132 1454 4219; baseline 0.001 -21"><span class='ocrx_word' id='word_1_285' title='bbox 356 4157 399 4180; x_wconf 59' lang='lat' dir='ltr'><strong>s·-</strong></span> <span class='ocrx_word' id='word_1_286' title='bbox 411 4132 496 4198; x_wconf 85' lang='lat' dir='ltr'><strong>Nihil</strong></span> <span class='ocrx_word' id='word_1_287' title='bbox 508 4147 576 4198; x_wconf 91' lang='lat' dir='ltr'><strong>erat</strong></span> <span class='ocrx_word' id='word_1_288' title='bbox 591 4136 624 4198; x_wconf 91' lang='lat' dir='ltr'><strong>iu</strong></span> <span class='ocrx_word' id='word_1_289' title='bbox 641 4135 707 4219; x_wconf 87' lang='lat' dir='ltr'><strong>ejus</strong></span> <span class='ocrx_word' id='word_1_290' title='bbox 719 4137 862 4200; x_wconf 86' lang='lat' dir='ltr'><strong>oratioue</strong></span> <span class='ocrx_word' id='word_1_291' title='bbox 880 4138 941 4200; x_wconf 91' lang='lat' dir='ltr'><strong>nisi</strong></span> <span class='ocrx_word' id='word_1_292' title='bbox 961 4139 1131 4215; x_wconf 85' lang='lat' dir='ltr'><strong>sincerum,</strong></span> <span class='ocrx_word' id='word_1_293' title='bbox 1160 4135 1239 4202; x_wconf 87' lang='lat' dir='ltr'><strong>nihil</strong></span> <span class='ocrx_word' id='word_1_294' title='bbox 1261 4138 1320 4199; x_wconf 91' lang='lat' dir='ltr'><strong>nisi</strong></span> <span class='ocrx_word' id='word_1_295' title='bbox 1342 4140 1454 4202; x_wconf 89' lang='lat' dir='ltr'><strong>siccum</strong></span> 
     </span>
    </p>

    <p class='ocr_par' dir='ltr' id='par_1_16' title="bbox 358 4237 1454 4324">
     <span class='ocr_line' id='line_1_36' title="bbox 358 4237 1454 4324; baseline 0.001 -25"><span class='ocrx_word' id='word_1_296' title='bbox 358 4249 450 4320; x_wconf 88' lang='lat' dir='ltr'><strong>atque</strong></span> <span class='ocrx_word' id='word_1_297' title='bbox 469 4255 588 4310; x_wconf 69' lang='lat' dir='ltr'><strong>sanum</strong></span> <span class='ocrx_word' id='word_1_298' title='bbox 615 4237 750 4320; x_wconf 87' lang='lat' dir='ltr'><strong>illudque</strong></span> <span class='ocrx_word' id='word_1_299' title='bbox 766 4239 944 4314; x_wconf 85' lang='lat' dir='ltr'><strong>maximum,</strong></span> <span class='ocrx_word' id='word_1_300' title='bbox 967 4243 1059 4324; x_wconf 91' lang='lat' dir='ltr'><strong>quod,</strong></span> <span class='ocrx_word' id='word_1_301' title='bbox 1086 4259 1157 4305; x_wconf 85' lang='lat' dir='ltr'><strong>eum</strong></span> <span class='ocrx_word' id='word_1_302' title='bbox 1173 4243 1372 4306; x_wconf 78' lang='lat' dir='ltr'><strong>contentione</strong></span> <span class='ocrx_word' id='word_1_303' title='bbox 1388 4259 1454 4304; x_wconf 86' lang='lat' dir='ltr'><strong>cra·</strong></span> 
     </span>
    </p>
   </div>
   <div class='ocr_carea' id='block_1_9' title="bbox 0 0 1604 5344">
    <p class='ocr_par' dir='ltr' id='par_1_17' title="bbox 0 0 1604 5344">
     <span class='ocr_line' id='line_1_37' title="bbox 0 0 1604 5344; baseline 0 1"><span class='ocrx_word' id='word_1_304' title='bbox 0 0 1604 5344; x_wconf 95' lang='lat' dir='ltr'><strong> </strong></span> 
     </span>
    </p>
   </div>
  </div>
 </body>
</html>
