3218 5320
865 477 934 550 354

391 614 465 676 Tac.
485 617 569 676 Anu.
587 615 640 688 lll,
659 612 697 674 66
710 631 718 674 r
733 612 770 674 C.
785 611 938 689 Silanum,
954 615 1173 696 proconsulem
1195 617 1287 688 leia,
1306 628 1452 696 repetun-

348 712 457 771 darum
478 706 606 771 asociis
620 709 818 790 postulatum,
840 711 1013 770 Mamercus
1034 711 1168 774 Scaurus
1189 733 1207 776 e
1228 713 1455 788 conmuribus,

347 813 458 882 lunius
478 809 561 876 Otho
576 822 702 892 prome,
720 811 876 876 Brutidius
887 811 983 891 Niger
997 813 1095 874 edilis
1106 813 1197 880 aaut
1212 813 1387 896 corripiunt
1400 815 1459 877 ob-

342 913 522 994 jectantque
538 911 686 973 violatum
703 909 833 990 Augusti
855 932 981 985 numen,
1003 926 1141 992 spretam
1167 911 1289 982 Tiberii
1314 914 1457 998 najesta-

345 1022 424 1084 tem;
441 1010 617 1073 Mamercus
631 1007 1058 1092 anuqmexemplajaciens,
1082 1011 1117 1072 t.
1142 1009 1454 1092 CottamaScipioue

345 1107 508 1182 Africano,
525 1104 595 1170 ser.
612 1106 747 1172 Galbam
756 1127 776 1168 a
790 1105 910 1170 Catone
925 1104 1078 1182 censorio,
1092 1110 1129 1173 P.
1146 1105 1297 1172 Rutilium
1311 1129 1331 1172 a
1345 1109 1454 1174 Marco

344 1219 514 1269 accusatos.
531 1205 683 1267 Videlicet
697 1207 801 1290 Scipio
817 1221 850 1269 et
872 1207 950 1270 Cato
964 1207 1039 1270 talia
1058 1208 1304 1285 ulciscebantur,
1334 1223 1388 1274 aut
1400 1211 1456 1272 ille

342 1302 488 1375 Scaurus,
506 1321 597 1384 quem
617 1323 767 1384 proavum
782 1324 869 1369 snum
893 1303 1095 1390 opprobrium
1111 1303 1265 1388 majorum
1279 1307 1455 1372 Mamercus

343 1400 451 1464 intami
466 1422 564 1485 opera
581 1403 816 1468 dehonestabat.

385 1505 423 1564 Id
435 1503 550 1566 accidit
563 1523 593 1564 a.
607 1506 649 1570 U.
662 1503 734 1565 774.

384 1605 464 1665 lbid.
481 1607 539 1680 Vl,
557 1606 575 1664 9
596 1625 604 1666 =
623 1605 743 1668 Annius
758 1605 869 1677 Pollio,
887 1607 1005 1687 Appius
1024 1605 1147 1670 Silanus
1162 1607 1281 1670 Scauro
1296 1611 1453 1670 Mamerco

343 1705 434 1766 simul
449 1723 486 1764 ac
502 1703 618 1766 Sabino
633 1704 767 1767 Calvisio
782 1703 954 1786 majestatis
972 1707 1181 1788 postulantur.

385 1805 468 1866 lbid.
485 1805 543 1878 vl,
570 1805 609 1868 29
621 1825 630 1866 t
644 1806 817 1894 Mamercus
828 1802 902 1868 dein
918 1805 1053 1870 Scaurus
1064 1826 1184 1870 rursum
1199 1807 1387 1890 postulatur,
1406 1808 1453 1870 in·

342 1899 440 1986 signis
455 1900 619 1965 nobilitate
632 1915 665 1965 et
679 1903 807 1969 orandis
822 1901 923 1968 causis
938 1949 946 1976 ‚
975 1903 1041 1968 vita
1055 1903 1279 1986 probrosus...
1300 1905 1448 1980 Scaurus,

341 2010 375 2057 ut
398 1997 525 2076 dignum
549 1997 708 2060 veteribus
729 1995 873 2072 AEmiliis,
900 2000 1130 2065 damnationem
1157 2001 1267 2074 anteit,
1301 2000 1450 2062 hortante

342 2094 447 2159 Sextia
462 2117 572 2171 uxore,
593 2116 659 2178 quae
674 2097 912 2161 incitamentum
928 2099 1038 2160 mortis
1057 2113 1089 2160 et
1102 2099 1258 2184 particeps
1272 2099 1340 2160 luit.

243 2235 314 2316 236
369 2233 527 2302 P‘llll‘l‘lut'
536 2237 546 2299 ]
566 2233 707 2296 &Thumi
724 2245 755 2290 ut
771 2233 902 2292 mmuiae
918 2232 1026 2290 tradidit
1043 2234 1143 2292 Seneca
1160 2235 1261 2287 Suesor
1281 2235 1316 2296 ll,
1330 2251 1393 2305 pag.
1408 2234 1452 2297 ll,

412 2336 481 2372 auno
495 2318 555 2368 786.

375 2437 593 2506 uitaprcbraeur]
611 2436 668 2488 rid.
683 2437 784 2488 Seneca
798 2439 836 2489 De
850 2439 964 2490 Benetlc.
980 2439 1028 2501 lV,
1046 2443 1088 2492 31.

609 2639 651 2710 C.
682 2639 848 2709 Decimus
876 2637 1004 2710 Laellus
1029 2637 1174 2710 Balbus·

381 2866 515 2952 Quintil.
539 2867 580 2943 X,
608 2869 635 2940 l,
665 2868 727 2929 24:
749 2865 847 2930 Nobis
868 2869 973 2948 pueris
988 2869 1124 2948 insignes
1136 2891 1194 2947 pro
1213 2869 1365 2932 Voluseno
1389 2873 1446 2931 Ca·

339 2969 400 3029 tulo
414 2965 546 3034 Domitii
562 2968 641 3043 utri,
660 2965 762 3050 Crispi
778 2968 930 3040 Passieni,
956 2967 1078 3026 Decimi
1096 2969 1191 3034 Laut·
1204 2976 1354 3030 oructares
1369 2971 1448 3034 fere·

337 3068 464 3130 bantur.

373 3205 409 3254 D.
430 3202 487 3254 Lat
493 3199 523 3266 '']
542 3200 679 3260 Annorum
696 3201 811 3274 spatium
824 3199 895 3255 haud
908 3201 1039 3270 perurittit
1054 3219 1194 3279 agnoscere
1211 3205 1242 3257 D·
1258 3201 1369 3256 tatium
1384 3202 1450 3256 nala

409 3289 482 3350 hum,
494 3304 573 3356 quem
584 3305 616 3338 ex
631 3286 717 3338 Cicer.
732 3289 771 3344 De
784 3300 849 3340 orat.
866 3287 901 3351 ll,
924 3291 949 3352 6,
971 3289 1119 3360 accepimus
1134 3289 1220 3340 virum
1236 3289 1337 3340 bonum
1349 3302 1378 3341 et
1389 3309 1442 3341 uon

407 3373 564 3424 illiteratum
580 3391 647 3436 esse,
666 3373 712 3442 qui
726 3384 885 3443 quaeeturam
900 3373 983 3444 gessit
996 3392 1020 3426 a.
1036 3377 1069 3428 U.
1084 3376 1146 3428 696.
1160 3375 1214 3426 Nec
1228 3375 1311 3446 magis
1328 3387 1441 3436 constat,

406 3479 440 3511 an
451 3459 505 3523 hic,
519 3477 598 3532 quem
610 3459 762 3529 quaerimus,
775 3457 844 3511 idem
855 3459 890 3510 sit
901 3479 962 3511 cum
973 3461 1006 3512 D.
1021 3459 1112 3526 Latio,
1125 3465 1169 3532 qui
1181 3479 1204 3514 a.
1215 3463 1251 3514 tt.
1266 3461 1318 3512 699
1328 3473 1441 3530 quaestor

408 3545 436 3596 in
451 3543 544 3596 Sicilia
555 3543 650 3606 furerat,
665 3555 692 3596 et
705 3553 796 3596 contra
809 3561 886 3614 quem
900 3545 937 3594 M.
951 3543 1052 3596 Coelius
1064 3544 1092 3594 iu
1106 3545 1224 3596 oratione
1236 3543 1349 3614 quadam
1363 3545 1438 3607 dixit,

407 3642 439 3682 ut
447 3647 480 3682 cx
492 3628 608 3698 Quintil.
624 3628 671 3692 Vl,
687 3631 713 3694 a,
730 3631 774 3692 39,
788 3629 897 3681 scimus.
911 3628 989 3680 Alius
1000 3631 1032 3680 D.
1045 3628 1143 3680 Laelius
1157 3629 1314 3682 etdirersus
1326 3629 1360 3682 alt
1370 3643 1440 3682 utro-

339 3757 342 3762 .
405 3732 467 3783 quc,
480 3731 549 3784 quos
560 3713 706 3779 nominavi,
719 3712 887 3768 consulatum
899 3712 982 3784 gessit
995 3729 1019 3766 a.
1030 3714 1063 3765 tt.
1080 3711 1142 3776 tlt,
1158 3725 1189 3766 ut
1198 3712 1248 3766 Dio
1257 3711 1369 3768 Cassius
1381 3714 1439 3776 tv,

406 3801 432 3861 9,
453 3797 555 3850 retulit.
572 3797 644 3866 Quid
662 3815 724 3853 vero
737 3796 852 3868 atupliue
863 3797 876 3850 Ρ
889 3816 937 3853 cur
950 3795 1053 3853 diutius
1070 3795 1194 3848 lectorem
1207 3798 1359 3851 moremur?
1377 3796 1436 3860 llic,

405 3882 438 3936 de
454 3901 506 3954 quo
519 3883 615 3956 agitur,
629 3902 643 3934 a
657 3884 747 3934 Tacito
758 3895 975 3941 commemoratur
990 3882 1089 3934 Anna-l.
1101 3881 1147 3946 Vl,
1161 3882 1193 3933 ll
1206 3902 1212 3932 r
1227 3883 1324 3936 Latius
1338 3882 1435 3933 Balbus

404 3967 539 4030 Acutram,
560 3965 597 4018 P.
613 3963 717 4020 Vitellii
732 3963 859 4036 quondam
872 3982 989 4022 uxorem,
1013 3963 1158 4036 majestatis
1177 3965 1368 4035 postulaverat,
1384 3981 1437 4033 qua

324 4087 326 4090 -
404 4053 589 4107 damnatarum
595 4053 732 4125 praemium
741 4053 889 4104 accusatori
900 4051 1091 4115 decerneretur,
1110 4053 1209 4104 laurus
1222 4050 1300 4110 Otltc,
1315 4049 1433 4102 trellanus

339 4157 340 4164 ¹
398 4137 494 4214 plebio
503 4135 658 4196 intercessit,
671 4135 738 4187 uude
750 4133 804 4186 ttt's
813 4133 885 4193 odra,
897 4151 956 4185 moa
972 4131 1205 4188 Ottonteasileiem.
1216 4133 1285 4186 Dein
1298 4134 1435 4186 multarum

403 4223 529 4278 amoribus
537 4228 642 4290 famosa
658 4217 791 4272 Albucilla
803 4217 921 4285 defertur
938 4219 1079 4290 impietatis
1095 4223 1120 4270 ia
1134 4219 1288 4288 prtircr'pem.
1303 4215 1434 4270 Albucilla

402 4312 476 4366 t‘rrr'to
485 4313 537 4362 ectu
546 4329 563 4362 a
573 4315 650 4361 semet
666 4307 803 4360 vulnerata
809 4307 890 4378 jussu
904 4313 1009 4358 senatus
1026 4305 1053 4364 ia
1069 4323 1194 4363 carcerem
1198 4305 1303 4372 fictur.
1318 4303 1430 4374 Stupro-
