3200 5344
919 399 987 470 281

426 544 473 604 id.
487 545 572 618 VIII,
590 545 620 617 3,
635 547 694 610 352
711 544 851 609 Caeeilius
866 542 997 626 (rhetor)
1011 553 1132 623 putata
1146 539 1276 604 Quot
1291 539 1468 622 primumdi-

380 654 463 704 ctum
480 663 545 706 esse
559 645 675 706 albenti
686 648 779 708 coeio.

421 743 545 808 Festum
559 747 779 810 Mediterreum
794 747 903 810 melius
918 763 1009 828 quam
1023 741 1277 802 mediterraneum
1285 739 1411 804 Sisenna
1420 743 1471 804 dici

378 854 479 923 putot.
837 859 838 862 ’

420 945 522 1006 Varro
536 947 585 1006 De
600 945 690 1024 Ling.
705 945 760 1008 Iat.
775 966 847 1018 rur,
861 943 912 1016 tt,
924 963 1001 1026 pag.
1013 941 1075 1006 its
1089 939 1143 1004 ed..
1155 940 1291 1020 Speng.=
1308 939 1411 1002 Plures
1420 960 1466 1018 pn-

376 1055 440 1100 tres
445 1042 595 1120 fizmr'lias
603 1042 710 1104 dicere
721 1063 783 1104 non
795 1041 983 1111 debuerunt,
993 1039 1093 1102 sedni
1101 1036 1234 1102 Sisenna
1243 1033 1365 1106 scribit,
1373 1035 1466 1095 Patres

367 1140 582 1218 familiarum.

419 1235 467 1297 De
481 1253 564 1298 enno
579 1235 677 1299 netuli
696 1239 732 1298 L.
751 1236 848 1301 Corn.
880 1237 1016 1302 sisenna
1035 1227 1159 1299 erudite
1171 1236 1235 1316 egit
1250 1233 1419 1296 W'eichert.
1437 1234 1465 1292 ad

375 1332 506 1395 Calvum
520 1330 554 1394 in
566 1332 719 1416 Reliquiis
729 1349 891 1418 poetarum
902 1357 935 1420 p.
947 1335 987 1399 99
998 1329 1065 1416 sq'q.
1077 1332 1262 1396 Oratiomm
1271 1329 1368 1392 nulle
1377 1349 1468 1412 snper·

375 1453 442 1494 esse
457 1435 605 1497 videntur
625 1431 781 1517 reliquie,
803 1455 862 1498 nee
885 1436 960 1531 suff
984 1445 1124 1508 constat,
1145 1451 1214 1496 eum
1234 1431 1389 1494 orationes
1407 1428 1467 1492 reli·

376 1533 489 1613 quisse.
513 1535 640 1596 Incerta
657 1535 741 1598 enim
761 1535 938 1615 fragmento
956 1547 1099 1618 quatuor,
1119 1553 1186 1616 qum
1203 1529 1374 1612 attulimus,
1390 1551 1424 1592 ex
1437 1531 1467 1591 Ii·

375 1631 443 1693 bris
457 1651 510 1693 xvi
526 1633 736 1696 Historiarum
757 1647 904 1718 excerpta
925 1653 990 1697 esse
1008 1645 1147 1716 possunt.
1168 1623 1307 1716 [Quibus
1328 1629 1469 1693 orationes

374 1729 578 1818 inseruerat]
1256 1727 1259 1730 ’

701 1875 827 1944 LVIII.
857 1875 901 1966 Q.
925 1873 1149 1943 Hortensius.

375 2044 378 2051 ’
416 2052 457 2133 Q.
471 2051 655 2116 Hortensius
670 2065 763 2115 natus
774 2073 802 2114 a.
814 2055 855 2119 U.
868 2052 940 2125 639,
954 2052 1087 2132 pdmnm
1098 2049 1133 2111 iu
1145 2049 1212 2110 Ioro
1224 2047 1306 2108 dixit
1316 2067 1345 2107 a.
1355 2047 1393 2112 tt.
1403 2041 1465 2113 658,

375 2151 580 2212 novendecIm
594 2171 693 2213 annos
708 2164 810 2242 metus²
826 2147 1008 2214 Diem-oh'n't
1021 2170 1050 2212 a.
1060 2149 1100 2215 U.
1110 2145 1184 2210 i03:
1197 2145 1267 2209 cio.
1279 2145 1370 2206 Brut.
1384 2161 1410 2203 c.
1421 2140 1460 2213 61,

378 2247 452 2312 229.
471 2242 602 2332 [Confer
613 2251 752 2309 Sallierii
764 2249 1068 2321 commentationem,
1084 2269 1139 2308 sur
1149 2247 1180 2307 la
1192 2251 1242 2304 oie
1254 2245 1293 2304 de
1308 2242 1463 2325 Q.Horren·

376 2349 456 2413 sius,
479 2343 514 2405 in
529 2347 702 2407 Me'moires
721 2350 760 2407 de
778 2347 904 2408 l’Aend.
922 2349 976 2406 des
989 2329 1089 2406 inser.¹
1101 2345 1165 2407 voI.
1180 2345 1236 2413 vl,
1256 2365 1288 2424 p.
1312 2340 1373 2404 500
1391 2333 1462 2422 sqq]v

372 2441 526 2503 Eximium
534 2443 571 2503 L.
581 2443 730 2504 C.annc
741 2439 905 2526 Speeimen
916 2443 1026 2505 butor.
1039 2439 1209 2522 juridicum
1219 2433 1461 2522 deQHortensIn

372 2550 513 2610 oratore,
534 2539 696 2602 Ciceronis
709 2541 830 2613 aemulo,
845 2537 988 2618 Lugduni
1010 2541 1119 2601 Beier.
1135 2535 1228 2613 1810,
1244 2537 1355 2611 edidit,
1372 2553 1407 2597 ex
1419 2551 1463 2613 quo

373 2638 470 2698 multa
484 2637 517 2699 in
533 2659 620 2701 usum
635 2661 737 2702 meum
751 2640 908 2702 transtuli.

414 2737 493 2798 Cum
502 2737 614 2802 Cicero
625 2739 663 2802 de
673 2741 832 2804 Hortensii
845 2759 961 2820 genere
973 2739 1097 2803 dicendi
1110 2733 1265 2822 copiosius
1275 2756 1334 2819 per
1345 2734 1461 2816 quinque

296 2824 302 2836 ‘
371 2835 473 2916 capite
487 2837 577 2898 Bruti
594 2832 642 2918 (e.
656 2837 775 2924 92-96)
788 2839 830 2900 sit
844 2839 975 2912 Iocutus,
1001 2857 1098 2898 unum
1115 2845 1234 2896 tantum
1248 2835 1352 2896 lecum
1367 2831 1460 2894 efferre

369 2932 465 3006 roIni,
481 2931 516 2995 in
532 2955 592 3015 quo
609 2932 705 3015 (quod
727 2937 766 2997 ad
785 2936 977 3018 propositum
993 2955 1095 2997 meum
1115 2935 1251 2995 maxime
1262 2929 1414 3016 pertinet)
1432 2928 1461 2987 de

372 3031 567 3097 orationibus
591 3036 657 3119 ejus
680 3035 872 3099 mentionem
896 3033 997 3098 iecit:
1023 3035 1153 3095 Dicendi
1174 3053 1270 3115 genus
1288 3032 1464 3118 quodfiierit

372 3141 404 3194 in
425 3150 549 3226 utroque
568 3153 724 3212 nostrum,
748 3142 900 3197 oraciones
926 3142 1083 3222 utriusque
1103 3140 1199 3196 etium
1218 3139 1353 3213 posteris
1372 3131 1463 3189 nostris

279 3239 344 3309 169
374 3233 557 3294 indicabunt.
575 3235 729 3299 Debemus
740 3257 815 3300 sane
827 3231 940 3300 dolere'
948 3235 1110 3300 interitum
1120 3235 1296 3300 orationum
1308 3223 1459 3300 Hortensii,

374 3349 506 3411 quarum
533 3333 616 3394 nulla
637 3334 793 3417 particula
811 3349 925 3418 prester
951 3356 1045 3397 unam
1068 3353 1178 3398 rocem
1201 3333 1282 3414 apud
1304 3325 1460 3394 Charisinn

373 3440 485 3491 exstat.
511 3427 643 3492 Causam
665 3444 779 3504 autem,
805 3453 861 3495 cnr
884 3433 970 3496 nulia
992 3432 1058 3514 ejus
1079 3428 1179 3494 oratio
1201 3432 1239 3492 ad
1260 3441 1461 3504 nostramque

376 3541 515 3607 tempora
537 3528 729 3609 pervenerit,
754 3526 787 3590 in
802 3529 937 3594 Oratore
959 3550 988 3591 c.
1010 3530 1062 3604 st,
1087 3522 1460 3599 tentamentorum:

378 3624 488 3682 Uterer
504 3625 658 3704 exemplis
673 3625 859 3700 domesticis,
875 3631 936 3689 nisi
954 3648 992 3688 eu
1009 3627 1163 3707 legisses:
1183 3640 1285 3684 uterer
1302 3622 1407 3682 alienis
1423 3614 1464 3674 nel

374 3724 508 3795 tonan,
524 3729 554 3782 si
575 3725 636 3784 ulla
657 3731 840 3805 reperirem,
865 3727 918 3786 vel
931 3726 1067 3800 Graecis,
1082 3730 1113 3788 si
1133 3726 1265 3784 deceret.
1292 3722 1359 3782 Sed
1372 3718 1461 3780 Crassi

371 3843 528 3900 perpauca
549 3841 631 3898 sunt,
649 3845 707 3885 nec
727 3845 765 3885 ea
776 3822 993 3906 judiciorum.-
1014 3824 1091 3884 nihil
1105 3823 1250 3895 Antonii,
1271 3821 1352 3882 nihil
1363 3820 1459 3885 Corte,

373 3919 455 3982 nr‘lril
464 3923 617 4002 Sulpicii.-
635 3925 755 3986 dicebat
774 3927 889 3986 melius
907 3947 1000 4011 quom
1015 3929 1137 4004 scripsit
1150 3923 1338 3984 Hortensius.
1366 3919 1463 3982 Cicero

374 4021 469 4102 igitur
484 4025 560 4104 ipse,
578 4027 718 4108 quamvis
733 4027 943 4108 eloquentiam
958 4023 1119 4090 Hortensii
1138 4024 1265 4087 sunrmis
1278 4023 1415 4085 laudibus
1427 4015 1460 4078 ei·

373 4123 481 4194 ferret,
495 4143 662 4204 nutnqunm
676 4140 780 4188 temen
792 4146 832 4188 ex
846 4125 911 4206 ejus
924 4123 1121 4195 orationibus
1132 4123 1273 4204 exempla
1284 4121 1393 4192 attulit,
1402 4134 1460 4178 cuin

374 4221 414 4280 nb
426 4221 621 4284 audientibus
633 4234 765 4294 tentum,
780 4244 872 4286 nona
885 4223 1059 4304 legentibus
1070 4241 1155 4304 mque
1169 4222 1389 4304 probarentur.
1521 4201 1524 4212 ¹
