3200 5344
698 443 767 518 205

183 577 285 644 inlusa
305 580 525 663 peregrinitas,
547 599 629 646 nnuc
651 599 727 644 vero
748 579 843 644 etiam
857 579 1010 643 braccatis
1029 591 1060 642 et
1076 579 1277 662 transalpinis

185 675 376 754 nationibus,
391 691 426 742 ut
442 679 555 744 uulhm
566 684 678 742 vetetis
695 679 810 758 leporis
824 683 987 760 vestigium
1000 692 1158 761 appareat.
1170 681 1278 762 ltaque

184 784 217 836 te
242 793 312 837 cum
335 776 436 850 video,
458 795 564 842 omnes
578 777 656 840 mihi
671 778 825 848 Grauius,
847 795 955 841 omnes
979 775 1125 849 Lucilios,
1147 796 1222 840 vere
1242 789 1278 838 ut

184 871 296 948 dicant,-
313 873 440 936 Gmsscs
450 887 614 957 quoquest
627 873 745 936 Loetos
760 874 868 936 videte
878 870 998 936 videor
1078 899 1080 907 ·
1100 923 1103 930 .
1169 921 1173 926 .

225 972 293 1037 Cic
310 975 452 1039 Deoru.
480 977 509 1048 1,
529 975 593 1042 te:
608 971 761 1038 llultum
752 985 838 1036 teter
854 995 887 1038 se
904 975 1047 1038 dieunt
1039 987 1106 1038 uste
1111 973 1279 1070 facultates

183 1075 336 1186 lenesque
346 1090 419 1140 sunt
430 1077 563 1140 discsse
576 1090 668 1159 atque
679 1075 838 1157 sejunctus,
863 1095 962 1158 neque
982 1079 1090 1146 eadem
1104 1072 1227 1140 mucce
1242 1093 1279 1136 ac

184 1171 238 1236 sia
251 1175 304 1237 M.
319 1175 412 1252 Octo,
428 1177 470 1240 P.
482 1179 664 1260 Asricuu'ss,
680 1178 719 1261 Q.
735 1176 880 1252 Metellus
893 1173 1149 1262 (Macedonicus),
1167 1174 1281 1236 0.-1.ae

183 1271 253 1346 iius,
265 1273 444 1355 quionnes
447 1275 626 1358 eloquentes
634 1276 769 1353 luetuut,
780 1274 954 1342 ontionem
962 1295 1054 1342 snam
1060 1289 1094 1342 et
1103 1269 1282 1360 reipublice

184 1369 366 1452 dignitatem
375 1375 567 1440 ornabant
661 1397 664 1404 ·
1193 1431 1197 1440 .

448 1611 478 1672 1.
501 1631 611 1676 casato
631 1631 687 1676 nuo
708 1632 743 1676 se
764 1633 842 1674 suun
870 1629 1018 1676 nusunuu.

229 1837 356 1906 Festoe:
372 1837 487 1902 Satura
502 1854 535 1904 st
548 1841 613 1906 cibi
628 1861 725 1922 genus
737 1843 884 1906 saveriis
899 1840 994 1904 rebus
1007 1841 1166 1904 conditum
1176 1850 1234 1915 est,
1251 1852 1283 1902 et

186 1933 234 1996 lex
247 1936 354 2000 multis
363 1937 433 2000 aliis
446 1937 567 2021 legibus
580 1940 762 2006 coneus...
778 1941 817 2006 C.
833 1939 942 2002 luelius
955 1940 990 2004 iu
1003 1961 1054 2012 ea,
1069 1958 1161 2022 quum
1179 1958 1236 2020 pro
1249 1958 1283 2000 se

182 2029 278 2096 diait:
294 2036 372 2096 Desit
378 2051 501 2114 postero
515 2039 563 2098 die
581 2036 672 2121 quasi
682 2040 892 2117 per'scturcm
907 2041 1064 2098 sententiis
1083 2040 1236 2120 expetistis
1252 2037 1283 2094 iu

184 2129 367 2196 deditionem
380 2136 540 2213 accipitur.

221 2282 298 2336 quam
305 2285 357 2339 pro
367 2287 395 2321 se
411 2267 500 2337 deicit]
518 2285 597 2323 cuusa
612 2267 722 2322 aliunde
740 2279 802 2320 nota
822 2285 877 2320 non
897 2279 948 2320 est.
961 2267 1031 2324 Cunt
1045 2277 1133 2320 autent
1151 2251 1284 2332 sciamus,

255 2351 366 2408 Leliunt
379 2372 438 2408 sese
450 2353 565 2411 tnultnnt
577 2355 734 2426 opposuisse
754 2355 786 2408 C.
808 2353 912 2425 Papinio
925 2352 1041 2408 wioni
1051 2365 1132 2424 utque
1144 2353 1282 2418 Gracchis,

255 2438 441 2508 presertimin
455 2439 620 2492 dissuasione
634 2439 700 2511 legis
723 2438 843 2512 Papiniae,
865 2437 1021 2492 verisimile
1038 2449 1089 2502 est,
1113 2437 1146 2492 ab
1168 2437 1211 2492 his
1232 2437 1282 2490 ali·

253 2519 359 2590 quando
367 2540 425 2576 esse
437 2539 498 2576 eum
510 2541 584 2576 reum
594 2522 691 2578 lactum
701 2541 727 2576 ιι.
738 2523 789 2575 ott
802 2521 845 2576 sel
859 2521 922 2576 dli.

217 2638 404 2714 &inpostea-o]
424 2645 545 2698 Eurorum
560 2645 721 2700 commisisse
746 2646 854 2699 Festum
874 2663 982 2700 neeesse
1004 2657 1055 2709 est,
1077 2645 1208 2716 siquidem
1229 2645 1285 2699 haec

256 2729 355 2784 verhu'
348 2750 376 2782 ιιι
389 2729 685 2803 Sallustiilugurtlsac.
700 2729 769 2793 29st
775 2731 937 2802 ,leguntur,
947 2743 994 2784 aut
1004 2729 1163 2802 exemplum
1173 2732 1244 2802 quod
1252 2751 1285 2785 cx
1312 2731 1356 2802 ΕΠ

257 2811 466 2870 Loeliiouuticne
487 2813 621 2879 attulerat,
639 2813 719 2885 culpa
744 2813 911 2898 librariouum
933 2813 1041 2868 excidit.
1056 2815 1136 2868 cont.
1154 2816 1286 2870 Perizonii

261 2897 418 2954 Animadvv.
426 2897 491 2972 luitt.
505 2913 533 2970 p.
548 2899 610 2953 tlt:

223 2991 354 3080 Festus.
374 3017 537 3078 Obsidium
551 3029 707 3102 umquam
721 3013 909 3102 presidium,
928 3015 1096 3098 subsidium
1110 3029 1196 3080 recte
1211 2999 1285 3080 dici·

185 3130 248 3180 tur.
261 3115 355 3201 Cujus
364 3115 458 3181 etiam
469 3118 623 3214 auctch.
633 3118 747 3182 Laelius
757 3121 819 3182 Pro
830 3139 864 3182 se
874 3120 955 3204 upnd
964 3117 1122 3214 populusne
1135 3113 1189 3178 Uti
1197 3115 1285 3178 nobis

184 3234 267 3280 terra
277 3223 418 3307 marique
428 3220 521 3281 simul
529 3219 684 3282 obsidium
685 3222 842 3304 facerent.

222 3360 261 3410 nti
269 3359 355 3424 mile]
365 3357 430 3410 Ant.
437 3357 607 3428 Augustinus
615 3333 730 3410 coercuit
737 3353 875 3428 vulgatum
883 3369 913 3410 ut
920 3359 949 3412 ist
957 3358 1041 3410 nolis.

129 3471 132 3478 ’
227 3476 383 3542 Priscian.
395 3479 478 3554 Vlll,
491 3477 523 3556 l,
540 3499 572 3562 p.
587 3480 668 3545 369:
685 3476 813 3542 Loeliust
829 3478 975 3560 Impubes
986 3477 1129 3560 libripens
1145 3495 1287 3537 esse-uon

184 3591 284 3657 potest
296 3597 394 3664 neque
405 3583 565 3649 antestari,
577 3575 601 3640 i.
614 3599 644 3642 e.
656 3585 933 3666 epcdsupapcupulitut.

224 3713 332 3784 leiim]
344 3711 414 3766 alius
426 3709 524 3766 laelius
536 3709 741 3784 intelligendus,
755 3710 865 3766 fortasse
878 3709 976 3765 Laelius
989 3710 1078 3776 Felix,
1094 3705 1172 3781 cujus
1189 3707 1287 3762 lihuuut

259 3800 293 3853 ed
299 3801 334 3869 Q.
346 3799 464 3852 Mucium
470 3797 578 3853 Gellius
586 3797 685 3863 laudat,
693 3796 752 3864 XV,
763 3799 808 3853 25.
820 3798 899 3868 [Edd.
907 3810 972 3852 vett.
980 3795 1108 3851 Prisciani
1115 3796 1212 3851 huus.
1222 3797 1288 3848 lllss.

261 3880 385 3945 turbunt3
396 3879 451 3934 duo
464 3893 568 3936 tuntum
578 3879 682 3934 Kaehlii
691 3881 801 3938 Loeliut.
811 3881 918 3947 Meliss,
927 3881 998 3953 quud
1004 3879 1085 3938 multi
1093 3877 1203 3948 habeut,
1210 3880 1290 3934 etiam

259 3966 400 4040 antiquiss.
411 3967 490 4042 lleg„
498 3985 532 4021 ex
541 3967 660 4024 Melius
668 3973 780 4036 ortum]

224 4087 1042 4161 antestart]v.tlddendandllsehliiPriscisnutuvol.l,p.525.
1057 4088 1291 4156 [Ubidrntzenias

226 4211 228 4216 -
259 4171 362 4244 passive
374 4167 473 4226 dictum
485 4191 544 4226 esse
552 4177 678 4226 antestari
688 4171 803 4236 dubitat,
812 4172 883 4243 quod
893 4172 950 4227 steni
963 4193 1017 4228 non
1041 4173 1162 4230 debebat.
1177 4173 1214 4226 Dc
1225 4191 1252 4224 re
1261 4190 1288 4223 v.

262 4259 357 4314 scholl.
368 4273 395 4315 et
404 4261 521 4335 interpp.
530 4261 561 4314 ud
572 4261 664 4320 Hcsut.
675 4261 729 4315 Sat.
741 4261 765 4346 l,
775 4263 802 4327 t,
813 4261 867 4329 tu]
