3200 5344
865 453 935 525 tot

401 585 543 652 Suetonii
570 591 699 668 August.
732 607 760 650 e.
787 585 849 652 89:
876 587 989 651 Libros
1010 597 1092 649 totos
1120 599 1149 649 et
1172 585 1293 651 senaim
1314 583 1462 649 recitavit

361 688 538 772 (Augustus)
550 701 582 751 et
595 689 706 772 populo
719 699 808 752 notos
822 707 879 771 per
892 687 1027 752 edietum
1047 707 1127 772 sepe
1143 686 1230 765 iecit,
1245 699 1281 750 'ut
1301 685 1463 752 orationes

286 868 289 874 Ι
361 791 401 875 Q.
415 791 532 853 Metelli
540 791 676 869 deprole
685 793 834 882 augenda?
846 803 879 854 et
892 791 995 852 Rutilii
1003 791 1042 852 de
1056 792 1148 851 modo
1163 791 1374 868 edificiorum.

401 885 482 952 Livii
497 887 581 972 Epit.
605 889 695 952 lez
711 888 751 970 Q.
771 885 912 951 Metellus
929 908 1040 952 censor
1054 889 1186 964 sensuit,
1195 899 1237 958 ¹ut
1250 907 1358 950 omnes
1372 906 1461 966 coge·

358 997 469 1052 rentur
484 988 598 1050 ducere
612 1006 723 1050 uxores
741 985 912 1050 liberorum
923 988 1129 1052 creandorum
1144 1005 1248 1050 eausa.
1259 984 1381 1072 ,liceum
1390 1006 1460 1046 om·

358 1088 403 1146 tio
426 1083 506 1168 ep'usp
528 1104 620 1168 quom
640 1084 794 1164 Augustus
812 1084 930 1160 Cesar,
951 1105 1023 1146 eum
1044 1086 1082 1144 de
1097 1083 1278 1166 maritandis
1301 1083 1460 1146 ordinibus

252 1223 254 1226 -
358 1197 475 1261 ageret,
489 1181 572 1244 vellit
586 1185 618 1239 iu
628 1180 695 1248 laec
706 1195 845 1260 tempora
857 1184 1015 1260 scriptam,
1028 1185 1058 1240 in
1074 1195 1181 1242 senatu
1192 1183 1342 1244 recitarit.
1374 1167 1380 1176 ’

377 1349 379 1356 ,
399 1278 502 1359 De-Q.
527 1277 650 1342 Metello
664 1275 877 1354 Macedonico,
902 1277 955 1360 qui
971 1297 1055 1342 anno
1081 1279 1143 1342 610
1158 1276 1278 1347 consul,
1295 1295 1324 1337 a.
1342 1275 1381 1337 U.
1399 1275 1456 1337 ott

359 1378 595 1450 conseruerat,
613 1379 675 1460 agi,
700 1379 800 1444 oratio
817 1378 900 1442 Livii
920 1379 1022 1450 docet,
1037 1391 1072 1442 ut
1085 1379 1230 1442 Dukerus
1243 1395 1364 1460 qnoque
1377 1377 1460 1438 luen-

359 1479 461 1546 lenter
479 1475 626 1546 ostendit.
646 1477 708 1542 ulii
730 1480 772 1564 Q.
795 1477 949 1542 Metellum
964 1479 1174 1553 Numidicum,
1199 1475 1308 1542 fratris
1322 1474 1412 1542 Calvi
1425 1475 1459 1540 fi·

357 1576 445 1653 lium,
459 1574 693 1649 intellexeruut,
709 1575 806 1660 quiin
815 1595 947 1644 censura
955 1576 1128 1640 orationem
1139 1572 1329 1640 simillimam
1339 1573 1457 1647 habuit,

358 1686 394 1740 ut
412 1677 451 1738 A.
467 1674 588 1740 Gellius
600 1673 714 1758 probat
727 1676 754 1751 l,
771 1677 802 1742 6.
828 1677 867 1740 lu
888 1693 925 1744 eo
947 1685 1048 1737 autem
1062 1673 1182 1736 herere
1209 1693 1272 1736 uon
1294 1671 1457 1744 debemus,

361 1773 443 1854 quod
466 1774 527 1842 ‹luo
556 1791 704 1837 censores
732 1771 856 1840 diverso
890 1785 1029 1854 tempore
1052 1771 1146 1834 simili
1174 1771 1213 1832 de
1237 1790 1272 1831 re
1300 1765 1458 1832 dicebant.

359 1876 466 1960 Quare
490 1896 555 1941 uon
570 1874 724 1944 assentior
743 1877 895 1944 Ellendtio
910 1873 1027 1941 dicenti
1050 1874 1133 1940 haue
1150 1873 1323 1936 orationem
1346 1873 1460 1956 injuria

360 1973 503 2053 Pighium
517 1974 551 2037 iu
567 1973 800 2059 Anuat.111,p.
818 1973 1009 2049 15‚,Metello
1023 1968 1224 2036 Macedonico
1239 1969 1395 2034 tribuisse.

290 2079 335 2160 96
404 2073 511 2134 Aeson
531 2073 570 2144 ad
583 2075 694 2134 Horat.
710 2073 812 2136 Serm.
839 2072 879 2144 ll,
901 2072 930 2147 t,
954 2071 1015 2133 65:
1032 2069 1174 2131 Metellus
1187 2064 1379 2150 temporibus
1392 2066 1459 2146 Sci·

350 2169 464 2252 pionis
474 2171 616 2235 Africani
632 2184 742 2258 potens
753 2171 823 2260 iuit,
841 2185 872 2234 et
887 2191 957 2240 oum
968 2174 1001 2230 in
1013 2175 1161 2234 corcione
1170 2169 1461 2252 quaedamadversus

361 2289 395 2330 se
405 2271 533 2333 decreta
545 2271 745 2342 declamaret,
761 2267 867 2352 Scipio
881 2271 926 2332 ait
942 2291 950 2331 ε
971 2259 1015 2329 Hi
1032 2284 1110 2342 snut,
1126 2289 1200 2353 quos
1220 2267 1390 2329 Hannibali
1402 2271 1459 2326 eri-

360 2369 416 2442 pui
420 2365 435 2425 Ι
445 2366 559 2426 Patere
567 2387 653 2448 ergo,
664 2364 777 2449 inquit,
794 2367 851 2428 lios
861 2365 977 2428 liberos
987 2387 1065 2428 esse.

400 2501 543 2570 Meteilus]
560 2504 638 2556 (lons.
661 2502 772 2566 Ruunt.
791 2503 824 2556 ad
843 2501 930 2558 Vellei
949 2507 971 2569 l,
994 2506 1035 2572 li,¹
1053 2524 1080 2576 p.
1100 2503 1143 2556 45.
1160 2507 1170 2568 [
1185 2499 1334 2554 Scholiasta
1354 2499 1462 2569 Cruquii

438 2588 471 2653 Q.
488 2587 609 2641 Coect'lrirs
622 2586 768 2649 Metellus,¹
784 2601 810 2643 et
821 2590 849 2642 in
863 2589 1009 2662 fragmento
1025 2607 1069 2640 nos
1085 2587 1149 2660 legit
1163 2607 1211 2660 pro
1225 2585 1278 2660 ltus,
1292 2585 1345 2639 nisi
1360 2597 1458 2657 typogr.

435 2671 529 2732 titium
541 2685 591 2726 est.
602 2677 613 2739 ]

671 2773 738 2908 iit.
773 2837 816 2909 C.
844 2837 974 2910 Laelius
999 2839 1153 2936 Sapiens.

715 2947 885 3049 [Ellendt.
910 2977 945 3050 p.
966 2949 1114 3047 iiii]
1195 3043 1198 3046 Ι
1239 2969 1243 2976 ’

407 3154 520 3218 Cicero
528 3155 617 3216 Brut.
631 3173 661 3214 e.
678 3153 732 3214 21:
744 3153 803 3213 «G.
817 3153 936 3215 helias
949 3167 982 3216 et
991 3153 1032 3216 P.
1046 3156 1218 3233 Aprensis
1231 3155 1265 3218 in
1279 3152 1389 3236 primis
1402 3152 1459 3214 elo·

248 3263 250 3270 ⁴
368 3263 515 3333 quentes3
541 3268 675 3331 quornm
694 3262 818 3314 exstem
834 3252 1010 3334 orauones,
1035 3271 1075 3315 ex
1100 3249 1213 3334 quibos
1236 3247 1408 3318 existimari
1427 3250 1461 3310 ile

367 3351 498 3434 ingeniis
509 3370 617 3414 eorum
628 3362 740 3434 potest,
762 3377 777 3409 ι
792 3364 855 3415 ete.
870 3354 948 3416 Nam
963 3365 1047 3416 totus
1059 3351 1144 3416 locus
1157 3355 1318 3434 legendus.

411 3451 546 3517 Velleius
568 3451 611 3525 lt,
629 3453 669 3513 9:
690 3452 804 3514 Eodem
823 3465 927 3514 tractu
947 3465 1121 3536 temporum
1141 3455 1303 3516 nituerunt
1327 3463 1461 3513 oratores

368 3553 475 3632 Scipio
498 3551 701 3625 AEmtttams,
727 3551 916 3635 Laeliusque,
935 3552 1007 3614 Ser.
1035 3552 1149 3630 Gplba,
1170 3555 1228 3614 duo
1255 3550 1403 3623 Gracchi,
1428 3548 1459 3609 C.

372 3655 517 3728 Fannius,
537 3650 638 3713 Carbo
653 3651 799 3732 Papirius
811 3664 843 3714 et
854 3665 928 3717 anto
941 3645 1048 3717 omnes
1059 3655 1098 3714 L.
1117 3655 1245 3716 Crassus
1259 3665 1292 3716 et
1304 3653 1352 3716 M.
1373 3652 1462 3711 Anto·

369 3757 461 3814 nius:
480 3773 540 3816 neo
560 3753 792 3836 praetereuntium
806 3753 950 3816 Metellus
971 3753 1147 3814 Numiduus
1170 3765 1203 3816 et
1224 3751 1372 3816 Scanms.
1390 3751 1462 3812 Nam

374 3851 417 3931 Q.
430 3851 551 3914 Mucius
563 3847 645 3932 juris
662 3849 792 3914 seientia
806 3852 1039 3936 quamproprie
1050 3849 1234 3934 eloquentia
1248 3845 1375 3914 nomine
1388 3844 1462 3910 eele-

370 3945 459 4012 brior
472 3943 541 4010 tuit.
1360 3969 1363 3974 ¹

413 4037 528 4104 Cicero
538 4043 636 4123 Epist.
649 4045 690 4106 ad
703 4043 777 4108 iem.
789 4027 846 4118 1x',
863 4044 918 4106 15:
933 4047 998 4123 Ego
1009 4043 1173 4122 (existimes
1181 4040 1270 4117 lieet,
1280 4042 1361 4124 quod
1373 4037 1465 4120 lubet)

371 4137 502 4202 mirifice
515 4135 622 4220 sepior
634 4137 773 4217 facetiis,
786 4141 918 4203 maxime
925 4137 1131 4217 nostratibus,
1145 4140 1317 4222 praesertim
1333 4159 1403 4200 eum
1417 4157 1467 4198 ees

372 4234 493 4302 uideam
506 4232 641 4324 primum
655 4235 768 4306 oblitos
782 4237 872 4306 Latio
887 4250 951 4300 uun
968 4284 978 4315 ,
997 4257 1067 4301 cum
1087 4235 1125 4301 in
1145 4238 1256 4302 urbem
1270 4249 1410 4300 nostram
1423 4247 1466 4297 est
