3218 5320
646 482 711 556 361

128 619 279 690 seniores,
298 620 408 700 quibus
429 621 560 684 otiosum
581 634 638 695 est,
660 634 770 685 vetera
794 633 826 682 et
846 622 1012 702 presentia
1032 632 1231 700 contendere,

128 718 262 798 primum
276 737 315 778 ex
329 715 380 794 iio,
398 715 451 800 qui
465 739 571 784 retum
585 716 678 800 potiti
691 732 814 794 emunt,
832 720 990 786 Neronem
1005 721 1114 786 aliene
1131 725 1236 790 fecun-

131 811 190 874 diae
202 814 361 892 eguisse...
385 817 470 876 Nero
483 816 653 898 puerilibus
667 817 771 876 stetim
785 813 880 880 anuis
893 816 1029 878 vividum
1044 819 1181 884 animum
1203 827 1237 887 iu

131 912 195 977 alia
205 913 347 982 detorsit.
360 913 486 988 celere,
497 915 641 996 pingere,
653 927 763 978 mutus
774 926 826 978 aut
837 910 978 990 regimen
990 933 1143 995 equorum
1153 940 1240 985 uxer-

131 1031 214 1087 cere‚
232 1023 264 1075 et
285 1013 453 1093 aliquanto
475 1011 668 1079 carminibus
688 1013 864 1097 pangendis
882 1015 984 1082 inesse
1004 1015 1066 1082 sibi
1087 1016 1242 1086 eumn
1305 1045 1308 1053 2
1385 1059 1398 1082 .-

133 1107 282 1174 doctrine
294 1109 487 1176 ostendebat.

462 1367 555 1442 CVI.
584 1365 719 1441 Vibius
734 1369 904 1471 Crispus.

178 1624 226 1690 De
246 1623 307 1687 hoo
330 1635 455 1688 oratore
476 1623 589 1686 multos
606 1633 749 1684 veterum
770 1623 856 1683 loros
876 1625 1002 1705 eollegit
1019 1627 1189 1708 Rupertius
1209 1631 1248 1695 ud

135 1721 497 1796 suentisiorum.
1300 1802 1302 1806 Ι

169 1815 279 1882 'Tacit
292 1813 375 1884 iliu.
388 1819 432 1890 11,
448 1816 507 1878 10:
524 1815 635 1882 Vibius
647 1814 779 1897 Grispm
793 1819 937 1898 monuit,
951 1823 1102 1900 potentio,
1122 1825 1248 1904 ingenio
1260 1825 1347 1896 1243

136 1915 221 1980 iuter
231 1915 334 1981 eleros
345 1912 546 1994 mugientem
556 1911 641 1976 inter
650 1913 761 1986 bonos,
770 1917 911 1980 Auratum
919 1917 1086 1994 Faustum,
1097 1923 1250 2002 equestri,

138 2011 270 2086 ordinis,
281 2011 336 2092 qui
347 2009 541 2091 temporibus
552 2011 687 2076 Neronis
697 2011 1139 2090 delationeslaotituveret,ad
1150 2027 1251 2098 cogni.

137 2116 257 2186 tionem
273 2125 395 2173 serratus
409 2110 551 2176 vocabat.

181 2211 265 2278 unt.
290 2213 340 2278 De
365 2224 459 2278 orott.
487 2231 518 2276 o.
542 2214 583 2274 8:
608 2209 718 2276 Auum
738 2215 945 2288 mmmmm,
965 2215 1147 2280 Mareellum
1168 2218 1252 2284 bunc
1276 2211 1282 2228 '

138 2311 280 2396 Eprium,
297 2315 336 2378 de
350 2331 411 2394 quo
424 2314 515 2378 modo
529 2313 650 2378 loeutm
662 2331 730 2374 sum
740 2325 782 2374 et
798 2311 943 2394 Crispum
952 2313 1076 2378 Vibium
1085 2314 1254 2408 ¹(libentius

139 2405 225 2474 euim
240 2405 331 2476 novit
352 2421 385 2473 et
404 2409 582 2474 recentibus
596 2427 690 2490 quem
710 2409 841 2472 remotis
863 2423 896 2472 et
915 2409 1091 2476 obliteratis
1105 2414 1254 2499 exemplis

139 2510 222 2596 utor)
232 2529 296 2578 nou
311 2507 492 2577 mutumne
502 2511 536 2576 in
548 2511 698 2574 extremis
714 2511 856 2592 portibm
868 2525 1025 2576 terrarum
1037 2535 1130 2597 qum
1140 2517 1254 2600 (lepore

139 2625 193 2678 aut
202 2611 368 2688 Vercellis,
381 2612 437 2676 ubi
450 2613 517 2676 neti
530 2613 689 2674 dicuntur.

179 2803 232 2834 non
244 2789 330 2834 minus
344 2787 408 2848 este]
426 2783 446 2835 i.
464 2800 490 2832 e.
507 2782 610 2846 virere,
628 2781 657 2832 in
676 2780 777 2831 honore
793 2799 866 2846 etse,
882 2785 984 2854 vigere,
1005 2788 1033 2838 in
1051 2807 1095 2842 ore
1113 2791 1251 2850 bominum

215 2886 326 2924 versam.

187 3031 322 3118 Quintil.
335 3035 375 3109 X,
390 3035 420 3108 1,
434 3034 493 3096 119
505 3053 513 3093 t
532 3031 643 3095 Vibius
657 3029 785 3116 Crispus
799 3029 986 3114 compositus
1006 3047 1039 3097 et
1056 3037 1210 3117 jucundus
1223 3059 1254 3106 et

147 3131 349 3196 delectationi
360 3145 462 3206 natus,
475 3132 609 3215 privetis
618 3143 724 3194 tamen
736 3133 837 3194 causis
848 3151 940 3216 quam
950 3135 1084 3219 publicis
1094 3139 1215 3206 melior.

189 3234 236 3293 Id.
249 3233 320 3303 Xll,
335 3231 387 3304 10,
402 3233 454 3306 11,
470 3231 695 3314 jucunditatem
709 3229 821 3309 Crispo
835 3228 957 3294 tribuit.

186 3330 379 3410 Quintil‘t’,
398 3333 447 3405 13,
469 3333 530 3396 te:
554 3335 594 3394 tlt
614 3331 739 3414 quidem
760 3329 1009 3400 contradictione
1030 3359 1093 3403 non
1114 3349 1255 3408 contenti

147 3447 229 3498 tolus
242 3433 336 3497 etiam
350 3433 434 3497 locos
448 3433 625 3520 explicant:
642 3437 720 3494 scire
738 3453 771 3493 te
784 3431 841 3495 boc
855 3435 990 3498 dicturos
1003 3439 1210 3520 adversarios,
1226 3464 1256 3506 et

148 3539 192 3592 ita
201 3545 425 3612 persecuturos.
441 3531 533 3614 Quod
546 3530 663 3592 lectum
677 3543 807 3592 venuste
822 3531 937 3594 nostris
956 3537 1147 3618 temporibus
1166 3541 1256 3604 elusit

147 3631 258 3694 Vibius
273 3628 414 3714 Crispus,
430 3629 481 3694 vir
495 3627 618 3710 ingenii
631 3629 761 3716 jucundi
775 3641 807 3692 et
821 3631 991 3716 elegantis:
1006 3633 1072 3715 Ego
1090 3659 1178 3718 nero,
1200 3643 1253 3706 in.

148 3729 225 3808 quit,
239 3734 297 3788 ista
308 3747 370 3788 non
382 3730 469 3804 dico;
482 3729 556 3814 quid
566 3731 649 3786 euim
663 3731 768 3786 attinet
780 3727 835 3786 illa
845 3727 891 3788 bis
901 3728 989 3788 dict?
1249 3753 1252 3762 ·

191 3826 239 3886 ld.
248 3827 337 3900 Vlll‚
348 3828 379 3902 t,
391 3827 443 3888 l'lr
454 3825 523 3885 Pro
532 3825 657 3904 Spatale
665 3824 804 3906 Crispus,
814 3843 906 3906 quam
917 3825 970 3908 pri
979 3827 1125 3892 heredem
1134 3849 1257 3898 amator

149 3926 330 3988 institueret
339 3921 483 3997 decessit,
494 3944 564 3988 eum
572 3924 703 3987 heberet
714 3939 814 3986 annos
826 3923 1055 4005 duodeviginti:
1066 3932 1094 3990 Ο
1102 3929 1255 3995 borntnem

150 4023 296 4096 ditinum,
309 4029 364 4108 qui
373 4023 435 4083 stbt
447 4021 592 4082 indulsit!

186 4211 476 4353 praeqppuleplplonltru
489 4233 567 4290 quum
579 4214 669 4273 eedem
681 4213 710 4268 in
720 4174 803 4272 ¹outrstt
815 4213 1045 4275 diminuebatur.
1060 4221 1120 4280 Vid.
1138 4226 1255 4282 adnotm.

263 4319 278 4352 o
312 4319 358 4352 rra
408 4339 414 4354 .
439 4340 446 4354 .

1065 4412 1098 4479 tu
