3218 5320
647 417 714 492 307

115 551 254 642 borum,
277 549 371 614 iidem
388 551 525 616 traducti
549 573 568 616 a
584 553 769 638 disputando
788 531 827 615 ad
841 552 1005 618 dicendum
1017 556 1124 638 inopes
1136 575 1222 640 reps-

125 648 264 710 riantur.
290 652 394 716 Unum
407 648 528 732 excipio
549 650 712 724 Catonem,
735 652 769 714 iu
793 670 853 732 quo
876 648 1099 734 perfectissimo
1118 654 1223 718 Stoico

51 797 54 806 .
126 745 494 828 summamelcquentiant
509 749 767 812 nondesiderem.

142 894 153 914 .
172 839 357 906 Orationum
371 843 498 907 Catonis
515 864 578 907 una
593 857 712 908 tantum
736 843 893 908 memorias
908 845 1024 908 tradita
1038 865 1103 908 esse
1112 844 1223 923 senar,

125 959 222 1020 quam
236 940 345 1002 habuit
359 943 392 1004 iu
406 954 515 1004 senatu
526 953 635 1006 contra
646 943 709 1004 lul.
727 942 892 1020 Cesarem,
907 963 978 1007 cum
992 944 1031 1006 de
1044 943 1137 1006 sociis
1154 963 1226 1006 con·

120 1036 293 1121 jurationis
307 1041 499 1106 Catilinariae
519 1055 719 1123 quereretur.

173 1136 254 1200 Plut.
265 1135 335 1199 Cal.
349 1137 424 1200 min.
442 1158 471 1200 c·
484 1137 546 1200 23:
563 1157 649 1203 Τοῦτον
663 1151 742 1222 μένον,
757 1146 789 1204 tls
806 1150 893 1204 Κάτων
912 1145 976 1216 ιῖοτι,
999 1149 1156 1212 διαοώζιοθαι
1169 1148 1229 1218 φατὶ

126 1234 170 1286 τὀν
184 1238 264 1308 λόγον,
287 1238 419 1308 Κικέρωνος
438 1244 479 1290 τοῦ
493 1237 586 1290 ὑποίτου
607 1239 660 1298 τοὺς
674 1236 831 1310 διαφέροντας
851 1237 943 1300 ὀξύτητι
955 1245 1002 1290 τῶν
1016 1240 1129 1312 γραφέων
1141 1239 1229 1308 captia

125 1327 331 1400 προδιδάξαντος,
353 1335 376 1385 έν
390 1335 480 1405 μικροῖς
499 1332 542 1386 καὶ
555 1334 655 1405 βραχέα
667 1335 749 1394 τύποις
768 1339 863 1388 πολλῶν
883 1335 1035 1408 γραμμάτων
1049 1336 1136 1402 έχοντα
1154 1331 1229 1385 bttu-

126 1449 188 1498 μιν,
211 1423 256 1480 οἵτ’
275 1431 486 1499 ἄλλον,ἀλλαχο’σι
505 1437 547 1484 τοῦ
570 1423 735 1504 βουλιυτέιρέου
761 1429 884 1505 οποριέόλιν
906 1432 1057 1504 έμβαλέντος.
1081 1433 1156 1485 Οὔπω
1180 1429 1229 1503 γὰρ
1250 1440 1252 1444 “

126 1528 226 1591 ἤσκουν,
250 1524 304 1578 ott*
322 1530 447 1586 έκέκτιιντο
467 1529 521 1590 τοὺς
537 1531 695 1601 καλουμένους
711 1530 910 1603 οημιιογράρους,
932 1528 995 1583 ἀλλὰ
1016 1531 1070 1583 τότι
1083 1535 1177 1601 πρῶτον
1199 1529 1231 1589 tic

127 1624 196 1690 ἴχνος
209 1643 232 1676 τι
243 1630 393 1682 καταστῆναι
409 1627 527 1699 λέγουσιν.
560 1605 750 1699 [lngenltlm
772 1615 954 1696 eloquentie
980 1611 1076 1698 lpsltts
1102 1615 1232 1698 exponit

127 1708 215 1770 Plut.
226 1729 257 1770 c.
271 1707 422 1790 43rerba
434 1707 600 1773 facientem
614 1710 735 1776 inducit
744 1729 834 1794 capp.
852 1712 884 1786 5,
899 1709 952 1786 ts,
969 1709 1022 1788 dl,
1040 1713 1092 1788 51,
1105 1710 1160 1786 59,
1175 1709 1230 1771 tt.

133 1805 332 1898 Westerm.]

174 1905 283 1966 Exstat
303 1906 385 1988 apud
411 1904 587 1970 Sallustium
612 1907 714 1970 oratio
734 1907 861 1972 Catonis
886 1904 921 1968 in
939 1905 1109 1983 Caesarem,
1134 1903 1227 1970 Catil.

129 2020 161 2063 c.
180 2001 234 2078 52,
252 2001 402 2084 praeclaro
414 1999 557 2066 historici
568 1997 693 2084 ingenio
706 2023 781 2066 sane
797 2000 990 2084 dignissima.

340 2158 507 2230 LXXIII.
537 2158 606 2232 Cn.
635 2161 823 2258 Pompeius
850 2159 1014 2258 Magnus.

175 2325 243 2390 Cic.
260 2326 349 2388 Brut.
367 2345 397 2389 c.
425 2323 477 2400 68,
494 2327 557 2392 239
575 2348 584 2388 τ
606 2327 692 2390 bleus
709 2316 842 2410 equalis,
859 2328 917 2391 Cn.
935 2325 1109 2410 Pompeios,
1125 2323 1176 2390 vir
1190 2326 1230 2389 ad

128 2421 236 2485 omnia
251 2443 370 2486 summa
385 2435 486 2500 natus,
515 2423 665 2507 majorem
685 2421 812 2487 dicendi
834 2425 965 2505 gloriam
978 2423 1148 2497 habuisset,
1164 2421 1228 2488 nisi

126 2540 199 2582 enm
218 2520 345 2604 majoris
363 2519 469 2602 glorie
497 2523 650 2606 cupiditas
671 2523 710 2584 ad
730 2521 859 2586 bellicas
878 2521 984 2584 laudes
1013 2519 1225 2586 abstraxisset.
1255 2539 1323 2613 190

126 2621 206 2684 Erat
227 2618 368 2684 oratione
388 2619 465 2684 satis
479 2623 609 2705 amplus,
625 2640 693 2683 rem
707 2623 878 2704 prudenter
891 2619 1031 2698 uidebat,
1052 2619 1133 2685 actio
1151 2639 1228 2684 vero

126 2716 195 2800 ejus
208 2716 344 2780 habebat
360 2729 394 2780 et
412 2717 539 2782 invoco
560 2737 705 2798 magnum
727 2717 922 2798 splendorem
940 2730 974 2780 ct
996 2717 1032 2778 in
1049 2729 1135 2780 motu
1148 2737 1228 2782 sum·

126 2833 212 2875 mam
226 2810 420 2894 dignitatem.
442 2805 544 2900 [Adde
559 2811 615 2877 Or.
631 2831 689 2896 pro
699 2811 778 2874 sest.
792 2831 821 2874 c.
837 2811 877 2872 50
890 2833 899 2888 3
915 2815 977 2876 Pro
991 2811 1088 2874 Balbo
1101 2833 1130 2874 c.
1148 2811 1177 2886 l,
1193 2816 1226 2876 l.

127 2913 239 2974 Paucae
247 2919 340 2970 erant
347 2907 413 2990 ejus
426 2905 603 2970 orationes:
619 2927 652 2970 v.
680 2907 765 2984 Plut.
791 2909 900 2988 Pomp.
914 2926 944 2968 c.
959 2905 1012 2969 23.
1036 2903 1225 2998 πέπτωκα]

171 3001 337 3070 Orationes
350 3003 411 3068 Cn.
429 3000 609 3086 Pompeium
626 2999 802 3086 reliquisse,
819 2999 995 3069 testimonio
1004 3002 1140 3068 auctoris
1152 3001 1227 3068 Dia·

126 3104 191 3186 logi
205 3105 243 3166 de
252 3115 347 3165 oratt.
365 3122 395 3163 c.
407 3100 446 3164 st
462 3101 667 3187 comprobare
677 3121 835 3185 possumus
850 3122 859 3162 ι

175 3228 190 3259 ι
202 3201 314 3264 Nescio
328 3221 369 3263 an
387 3201 697 3268 venerintinmanus
714 3214 834 3266 vestras
846 3201 912 3266 haec
929 3213 1048 3279 vetera,
1064 3221 1131 3284 quta
1145 3214 1177 3266 et
1191 3202 1226 3266 in

127 3298 381 3382 antiquariorum
407 3297 605 3364 bibliothecis
628 3302 726 3364 adhuc
754 3313 882 3363 manent
906 3313 1030 3364 etcum
1049 3303 1181 3365 maxime
1206 3323 1225 3366 a

127 3401 278 3460 Muciano
299 3399 525 3462 contrahuntur
550 3419 587 3461 ac
606 3402 671 3480 jam
690 3401 845 3474 undecim,
873 3411 907 3460 ut
926 3399 1048 3480 opinor,
1061 3403 1225 3469 ,Actorum

126 3493 220 3560 libris
234 3483 267 3558 et
283 3496 383 3558 tribus
398 3493 595 3580 epistolarum
618 3496 784 3578 composita
802 3507 835 3556 et
850 3491 934 3557 edita
953 3506 1034 3556 sunt.
1060 3497 1105 3557 Ex
1124 3494 1163 3558 iis
1178 3497 1227 3558 in·

127 3597 226 3678 telligi
244 3608 355 3679 potest,
380 3597 435 3659 Cn.
449 3597 633 3676 Pompeium
647 3609 678 3658 et
696 3599 743 3658 M.
760 3595 909 3656 Crassum
923 3616 986 3656 non
1000 3591 1119 3658 uiribus
1134 3597 1224 3660 modo

127 3703 161 3756 et
177 3693 283 3768 armis,
311 3695 366 3755 sed
379 3689 506 3772 ingenio
521 3709 639 3773 quoque
660 3703 692 3754 et
706 3687 847 3756 oratione
860 3692 1002 3764 valuisse,
1029 3690 1172 3753 Lentulos
1190 3705 1224 3755 et

128 3793 269 3856 Metelbs
290 3805 323 3854 et
345 3793 487 3854 Lucullos
504 3805 536 3855 et
555 3793 700 3854 Curiones
714 3805 746 3856 ct
759 3805 896 3856 ceteram
912 3811 1075 3874 procerum
1095 3803 1217 3862 manutt

129 3885 260 3950 multum
273 3889 308 3951 in
328 3888 377 3951 his
391 3889 500 3951 studiis
519 3909 620 3972 operm
638 3907 779 3970 curaeque
791 3889 937 3973 posuisse,
963 3907 1022 3951 nec
1041 3909 1222 3972 quemquam
1244 3951 1246 3956 .

127 3987 191 4050 illis
205 3991 396 4072 temporibus
416 4009 558 4072 magnam
573 3990 742 4074 potentiam
756 3987 822 4052 sine
836 3991 938 4072 aliqua
956 3989 1133 4074 eloquentia
1149 4012 1221 4057 con·

126 4099 281 4151 wcultlm.
295 4115 311 4146 n

102 4199 123 4248 ⁹
164 4221 218 4276 Ιιιο
231 4231 335 4293 velera]
357 4229 376 4280 i.
390 4247 415 4281 e.
431 4241 516 4282 uetera
531 4229 654 4284 Romanae
667 4228 824 4300 eloquentiae
839 4241 1016 4284 monumenta.
