3218 5320
652 469 721 543 313

206 622 350 663 exuemum
367 611 515 660 morborum
533 609 608 660 toedio
627 613 656 660 in
675 609 769 662 balneo
788 609 920 662 voluntate
935 613 1098 663 exanimatus
1114 613 1232 668 taum

208 697 313 768 reliquit
322 693 486 766 Augttatum.

179 817 1235 902 Quintil.Vlll,6,5i=llaecallegoria,quaeestobseurior,oenigma

137 917 272 979 dicitnr:
291 937 351 998 quo
365 927 495 977 utuntur
508 929 541 978 et
554 929 693 979 oratores
715 935 949 998 nonnunquam,
974 928 1010 977 ut
1027 915 1140 978 Caelius
1160 939 1235 1001 quo-

137 1021 329 1078 drantariam
352 1016 619 1094 Clytaemnestram
646 1031 679 1079 et
701 1021 734 1076 in
755 1017 891 1078 triclinio
914 1037 1023 1091 coam,
1048 1022 1081 1110 in
1103 1015 1238 1076 wbieulo

137 1114 254 1176 nolam.
732 1111 739 1136 ¹

176 1251 282 1318 Coelius]
292 1253 321 1304 in
331 1250 448 1304 oratione
454 1269 504 1322 pro
514 1269 539 1303 se
548 1253 581 1302 de
590 1255 620 1302 vi
629 1249 658 1302 in
665 1248 796 1312 Clodiam,
808 1249 911 1303 Metelli
920 1263 1037 1315 uxorem,
1047 1249 1195 1304 invehitur.

171 1385 277 1422 eoam...
292 1367 387 1434 nolam]
397 1363 578 1418 Eiehstadtius
591 1363 711 1417 illustrat
723 1363 812 1417 locum
829 1359 857 1416 in
872 1367 1064 1437 Programmate
1079 1367 1147 1420 1821
1165 1367 1240 1418 tene

207 1453 293 1506 edito:
312 1456 398 1508 Unam
410 1453 490 1504 Coum
496 1449 713 1518 dixitseminam3
726 1449 836 1504 alteram
843 1445 938 1504 Nolam
948 1454 1037 1525 (quasi
1042 1473 1076 1506 ex
1085 1451 1124 1506 Co
1138 1455 1239 1517 insula,

207 1551 233 1590 et
244 1535 324 1599 Nola,
341 1537 404 1589 urle
413 1535 579 1608 Campania,
594 1537 744 1600 oriundas),
762 1555 791 1589 eo
805 1538 912 1608 quidem
925 1553 1012 1602 sensu,
1024 1555 1101 1610 quem
1112 1538 1241 1590 Gesnerue

204 1632 229 1674 et
236 1619 407 1692 Spaldingius
419 1625 527 1692 aperuit.
539 1618 593 1672 Sed
605 1637 695 1672 verum
708 1631 755 1680 est,
768 1621 841 1691 quod
851 1616 1023 1691 Spaldingiue
1030 1624 1139 1685 monuit,
1146 1624 1241 1672 mnam

206 1723 260 1756 esse
271 1716 297 1756 et
306 1703 494 1775 infrequentem
501 1701 693 1772 quadrantaria
702 1704 839 1774 mjumm,
847 1714 877 1753 ut
886 1701 1101 1755 eademeitnola.
1115 1701 1241 1777 Aeetam

206 1791 453 1863 poterat‚semi'rtnm
463 1807 600 1862 prooaoem
608 1789 782 1861 lascivamque
789 1793 816 1841 in
825 1791 930 1842 triclinio
943 1802 968 1842 et
978 1793 1015 1842 nd
1023 1793 1129 1863 πρᾶγμα
1138 1803 1241 1844 tanturn

208 1874 359 1926 iuuenem
371 1893 403 1925 ne
414 1875 468 1925 diei
479 1875 583 1944 quidem
594 1891 667 1944 posse
678 1889 761 1924 eoam.
777 1874 870 1944 ltaque
881 1875 1074 1944 traruponenda
1086 1894 1137 1928 esse
1151 1894 1240 1928 aemon

210 1964 290 2012 verba
302 1979 308 2010 :
324 1972 350 2011 et
361 1959 390 2010 in
402 1957 520 2012 triclinio
533 1959 628 2012 Nolam
640 1961 710 2031 (qua
722 1959 968 2029 notescenda),
982 1961 1011 2012 in
1025 1959 1149 2014 eubiculo
1160 1961 1241 2014 Ceam

211 2045 279 2115 (qua
289 2043 407 2095 lubenter
419 2042 489 2110 coit).

182 2187 268 2249 ldem
278 2187 333 2261 xl,
349 2186 377 2260 1,
393 2185 428 2248 51
442 2207 450 2248 t
469 2185 548 2247 Mire
563 2185 606 2246 Μ.
617 2184 732 2248 Coelius
744 2184 777 2246 in
789 2185 968 2265 defensione
978 2203 1089 2258 comae,
1100 2207 1159 2270 qua
1170 2207 1242 2249 reus

139 2286 178 2342 de
197 2288 233 2344 vi
253 2283 331 2344 luit:
354 2282 399 2344 Ne
418 2287 468 2342 cui
487 2297 624 2343 vestrum
644 2296 733 2366 atque
752 2285 849 2342 etiam
869 2285 1018 2354 omnium,
1039 2287 1093 2366 qui
1114 2283 1157 2342 od
1174 2305 1242 2346 rem

137 2385 290 2464 agendam
300 2399 415 2455 assunt,
426 2403 511 2443 mens
522 2395 573 2440 aut
584 2381 685 2440 vultus
697 2381 857 2442 molestior
867 2397 920 2440 aut
931 2403 996 2442 vox
1009 2383 1242 2446 immoderatior

138 2480 240 2564 αἱιὶμια
255 2495 307 2540 ant
325 2481 463 2564 denique,
477 2478 560 2564 quod
572 2481 738 2541 minimum
756 2491 814 2551 est,
828 2475 1001 2563 jactantior
1020 2493 1123 2559 gesna
1134 2482 1241 2561 firisse

139 2577 290 2636 υἰᾱεαιιιν.
1270 2557 1339 2631 196

174 2715 317 2778 minimum]
326 2711 364 2764 sie
373 2710 477 2780 scripsi.
488 2707 576 2779 Vulgo
584 2712 700 2760 nimium.
712 2705 784 2757 illud
793 2705 914 2776 probavit
921 2709 1001 2760 etiam
1010 2709 1161 2782 Zumptius.

182 2836 229 2894 td.
242 2837 270 2908 1,
284 2835 318 2902 6.
328 2832 366 2893 29
378 2853 386 2892 =
403 2830 598 2915 Etymologia
615 2829 713 2890 habet
731 2829 899 2909 aliquando
912 2849 1000 2891 usum
1014 2831 1236 2912 necessarium,

138 2935 258 3016 quoties
270 2931 599 3014 interpretationum,
608 2932 707 3011 dequo
718 2931 877 3011 quaeritur,
890 2945 972 3010 eget,
980 2945 1014 2992 ut
1027 2934 1069 2992 M.
1082 2933 1198 2998 Coelius
1207 2958 1239 2996 se

137 3052 208 3094 esse
220 3031 378 3092 hominem
391 3027 473 3108 frugi
487 3028 553 3087 vnit
560 3027 708 3109 probare,
722 3048 787 3090 non
802 3027 874 3108 quia
888 3026 1047 3092 abstinens
1058 3032 1100 3092 sit
1111 3039 1194 3108 (nam
1207 3033 1240 3095 id

141 3151 182 3192 ne
196 3129 323 3192 mentiri
337 3125 460 3209 quinem
470 3130 614 3208 poterat),
626 3127 678 3188 sed
689 3129 759 3211 qnia
771 3125 855 3184 utilis
871 3126 983 3202 maltis,
998 3127 1031 3186 id
1038 3144 1095 3204 est,
1096 3131 1242 3211 fructuo-

141 3249 204 3302 sus,
219 3228 296 3287 unde
308 3230 346 3287 sit
357 3227 444 3285 dueta
453 3225 624 3304 frugalitas.

176 3363 221 3417 M.
235 3364 342 3431 Coeliiu]
357 3361 493 3436 Spalding.
508 3361 541 3415 ad
554 3360 592 3425 ll,
607 3361 631 3424 1,
642 3361 672 3412 51
685 3378 717 3414 en
729 3361 862 3426 emtione,
876 3379 955 3433 quam
964 3385 1013 3437 pro
1026 3385 1054 3418 se
1065 3370 1098 3422 de
1110 3373 1139 3420 vi
1149 3382 1241 3424 eontm

138 3449 172 3502 C.
183 3448 365 3520 Sempronium
375 3447 525 3500 Atratinum
534 3445 639 3509 habuit,
651 3457 786 3517 sumptum
795 3446 955 3518 suspicatur.

522 3657 630 3700 oattto
647 3659 677 3700 tn
693 3656 856 3700 tutouttttt.

183 3848 220 3912 C.
233 3843 398 3921 Antonius,
411 3844 574 3908 Ciceronis
587 3847 621 3906 in
637 3845 798 3926 consulatu
814 3845 945 3926 collega,
959 3851 1125 3929 proconsul
1135 3873 1240 3916 rever·

141 3966 192 4008 sus
206 3965 243 4008 ex
253 3941 445 4018 Macedonia,
458 3955 490 4005 et
500 3941 694 4006 Catilinariae
706 3941 932 4024 conjurationis
944 3957 976 4006 et
987 3946 1158 4027 majestatis
1171 3969 1242 4014 reus

142 4046 241 4107 tactus
256 4045 328 4106 att.
343 4043 441 4106 Coelio
462 4065 491 4106 a.
510 4045 548 4109 U.
571 4044 644 4107 694.
668 4042 757 4105 Conl.
776 4041 843 4105 Cio.
866 4041 923 4106 Or.
944 4065 1001 4125 pro
1018 4045 1117 4108 Coelio
1135 4069 1164 4111 c.
1187 4051 1238 4128 31;

142 4143 243 4207 Schol.
268 4141 409 4204 Ambros.
434 4144 472 4204 ad
492 4139 595 4206 Cicer.
616 4141 672 4207 Or.
693 4142 727 4203 in
741 4137 901 4206 Vatinium
921 4161 949 4202 c.
965 4143 1015 4215 ll,
1038 4162 1069 4225 p.
1091 4145 1164 4222 321,
1184 4169 1242 4231 pro

142 4245 252 4307 Flacco
265 4243 295 4320 2,
310 4245 339 4319 5,
356 4263 388 4326 p.
401 4243 461 4308 229
473 4245 523 4306 ed.
534 4242 630 4308 Orell.

1030 4357 1063 4424 4ο
