3218 5320
876 443 945 516 320

257 567 327 638 202
423 582 563 654 precipuis
571 593 689 634 veterum
699 581 1002 646 landibnscelebrutam,
1010 581 1043 634 ad
1052 583 1167 636 ambitus
1174 581 1305 655 judicium
1313 587 1451 657 pertinere,

426 686 485 720 cum
499 669 583 739 prima
596 667 692 720 fuisset
705 667 738 721 de
751 666 897 740 majestate.

397 812 515 874 Seneca
524 811 675 874 Controv.
688 814 750 890 lll,
764 814 819 876 192
831 813 945 876 Calvus
958 812 1011 896 qui
1022 812 1075 874 din
1090 832 1159 876 cum
1170 811 1321 876 Cicerone
1334 813 1454 896 iniquis-

354 910 464 970 simam
477 907 564 970 litem
578 909 617 970 de
630 909 808 991 principatu
821 909 1003 990 eloquentie
1016 907 1138 984 habuit,
1150 927 1246 990 usque
1255 929 1292 971 eo
1303 906 1452 974 violentus

354 1021 517 1072 accusator
529 1019 561 1069 et
575 1005 751 1071 concitatus
764 1009 835 1085 fuit,
858 1023 894 1071 ut
913 1009 948 1071 in
967 1009 1068 1072 media
1089 1007 1213 1072 actione
1230 1006 1300 1089 ejus
1317 1025 1452 1090 surgeret

354 1107 498 1173 Vatinius
517 1127 590 1170 reus
611 1121 643 1170 et
664 1109 871 1190 enelamaret:
890 1111 975 1188 Rogo
996 1130 1064 1184 vos,
1074 1107 1221 1194 judicem
1242 1129 1329 1182 num,
1351 1115 1380 1169 si
1400 1116 1454 1170 isto

353 1209 483 1268 disertus
496 1223 554 1281 cst,
568 1208 637 1267 ideo
653 1227 704 1266 me
717 1207 862 1267 damnari
875 1205 1017 1288 oportet?
1108 1269 1111 1276 Α

395 1289 480 1366 Di'at
493 1307 532 1366 de
548 1317 630 1368 orat.
650 1325 679 1366 c.
693 1305 729 1366 21
745 1326 753 1365 t
771 1306 842 1387 Ipse
856 1302 934 1368 mihi
949 1302 1074 1380 Calvus,
1091 1323 1161 1366 cum
1175 1322 1271 1364 unum
1285 1316 1318 1366 et
1329 1300 1452 1383 viginti,

353 1413 503 1485 utputo,
529 1399 629 1464 libros
648 1397 828 1482 reliquerit,
852 1398 907 1463 vix
932 1402 966 1464 in
993 1419 1055 1462 una
1080 1411 1112 1462 et
1138 1401 1238 1462 altera
1258 1402 1455 1464 oratiuncula

352 1501 522 1578 satisfacit,
548 1521 606 1566 nec
627 1501 791 1563 dissentire
819 1515 938 1565 ceteros
966 1501 1005 1563 ab
1033 1501 1092 1563 hoc
1119 1521 1187 1562 mco
1205 1499 1326 1583 judicio
1349 1503 1449 1566 video.

353 1601 473 1684 Quotus
492 1597 577 1663 enim
597 1596 726 1681 quisque
747 1599 836 1662 Calvi
857 1597 892 1660 in
913 1596 1048 1662 Asitium
1068 1611 1122 1660 aut
1144 1600 1178 1660 in
1197 1599 1334 1662 Drusum
1354 1602 1455 1682 legit?

354 1701 534 1766 atterente
548 1702 582 1763 in
596 1701 730 1763 omnium
745 1701 950 1764 studiosorum
964 1699 1106 1764 manibus
1117 1713 1283 1762 versantur
1292 1709 1456 1764 accusatio

353 1819 419 1870 neS,
435 1803 549 1880 quaein
559 1797 722 1861 Vatinium
736 1797 963 1873 inscribuntur,
983 1819 1020 1860 ac
1039 1795 1194 1880 praecipue
1208 1800 1343 1862 secunda
1358 1820 1396 1862 cx
1410 1801 1457 1862 his

354 1901 465 1963 oratio.
483 1901 538 1960 Est
548 1899 632 1960 enim
642 1899 748 1962 verbis
758 1913 870 1962 ornata
883 1913 916 1964 et
928 1899 1102 1971 sententiis,
1113 1900 1240 1963 auribus
1250 1897 1393 1981 judicum
1406 1921 1454 1964 ac·

354 2003 563 2076 commodata,
587 2012 621 2060 ut
642 2001 721 2064 scias
738 2001 838 2083 ipsum
858 2021 979 2083 quoqne
999 2000 1129 2065 Calvum
1151 2000 1359 2077 intellexisse,
1383 2004 1455 2083 quid

354 2102 463 2166 melius
476 2113 567 2178 esset,
579 2121 638 2164 nec
647 2103 840 2164 voluntatem
850 2101 892 2179 ci,
904 2123 964 2185 qno
974 2101 1134 2165 sublimius
1149 2114 1181 2165 et
1195 2103 1308 2165 cultius
1321 2103 1452 2180 diceret,

353 2205 407 2266 sed
420 2199 581 2284 ingenium
594 2222 632 2265 ac
642 2204 726 2265 vires
740 2201 882 2266 defuisse.

395 2304 458 2366 Jnl.
470 2303 657 2368 Severianus
670 2325 703 2386 p.
716 2303 778 2366 342
788 2306 838 2366 cd.
850 2303 1002 2388 Capper.:
1025 2304 1170 2368 Livorem
1187 2304 1288 2370 simul¹
1297 2323 1454 2367 movemus

355 2421 424 2464 cum
438 2403 527 2474 odio,
545 2413 581 2462 ut
594 2401 707 2466 Calvus
720 2402 754 2462 in
763 2399 941 2476 Vatinium,
957 2422 1027 2466 cum
1041 2399 1137 2465 dicit:
1154 2402 1323 2462 Hominem
1342 2417 1453 2462 nostru

353 2503 482 2561 civitatis
491 2500 728 2560 audacissimum
738 2501 932 2580 deflrctionc,
942 2501 1074 2573 divitem,
1088 2500 1255 2573 sordidum,
1269 2499 1451 2560 maledicum

351 2600 513 2660 accusabo.

386 2740 527 2802 accusabo]
537 2735 650 2787 correxit
658 2734 838 2788 lltthnkenius
849 2735 881 2787 ad
891 2734 1024 2788 Rutilium
1034 2754 1061 2807 p.
1073 2736 1123 2788 lbi
1134 2733 1271 2808 vulgatum
1279 2750 1409 2790 accusato.

395 2877 507 2956 Aquila
521 2878 678 2938 Romanus
694 2895 721 2937 c.
736 2872 789 2948 to,
808 2894 839 2955 p.
856 2872 937 2933 183:
953 2873 1086 2953 Egregie
1099 2885 1149 2949 et,
1170 2885 1205 2934 ut
1222 2870 1300 2935 milri
1314 2871 1445 2949 videtur,

299 3045 303 3056 Ι
350 2969 485 3034 feliciter
506 2973 645 3036 Licinius
666 2971 780 3034 Calvus
804 2971 839 3032 in
856 2966 1038 3031 Vatinium:
1059 2970 1128 3030 Non
1152 2990 1227 3050 ergo
1247 2977 1447 3049 pecuniarum

239 3143 241 3148 Ι
352 3074 454 3150 magis
475 3072 707 3148 repetundarum
725 3089 819 3154 quam
839 3062 1025 3149 majestatis,
1045 3087 1141 3152 neque
1161 3067 1332 3155 ntujcstutt's
1354 3073 1450 3148 magu

351 3187 444 3252 quam
459 3166 592 3226 Plautiae
617 3167 713 3247 legis,
742 3186 837 3251 nequo
859 3165 994 3227 Plautiae
1014 3167 1094 3246 legis
1113 3171 1218 3246 magis
1238 3189 1331 3252 quam
1352 3167 1448 3228 ambi·

351 3279 411 3334 tras,
433 3281 528 3346 neque
546 3261 680 3322 ambitus
699 3267 802 3344 magis
820 3283 912 3348 quam
929 3267 1068 3323 omnium
1090 3263 1193 3343 legum
1212 3267 1318 3324 omnio
1332 3260 1449 3346 judicia

351 3364 517 3440 perierunt.
1238 3345 1243 3368 '

394 3459 480 3520 Idem
493 3457 701 3538 fragmentum
722 3462 756 3521 in
775 3456 969 3542 Quintiliano
984 3456 1041 3532 lll,
1066 3457 1096 3532 3,
1117 3458 1169 3532 56,
1191 3468 1223 3518 et
1243 3457 1391 3520 Diomede
1406 3457 1445 3530 ll,

351 3558 647 3643 p.4431egimus;in
656 3555 828 3644 posteriore
839 3555 1264 3628 antemlocotitioseGallus,
1273 3557 1448 3620 noneolas

351 3657 542 3723 nominatur.

382 3811 551 3876 pecuniarum
560 3812 656 3882 magis]
665 3810 748 3879 nangis
759 3825 816 3877 pcc.
828 3805 942 3875 Quintil.

386 3919 483 3983 omnia]
496 3917 571 3970 abest
581 3935 599 3970 a
609 3915 725 3986 Quintil.

384 4035 527 4102 perierunt]
540 4050 589 4102 per
595 4030 742 4083 Vatinium.

257 4197 327 4268 203
395 4197 528 4282 Quintil.
541 4199 595 4273 tx,
609 4197 639 4272 2,
653 4198 692 4261 25
706 4219 713 4257 t
727 4195 842 4260 Caluus
851 4195 978 4259 Vatinio
989 4216 996 4255 ε
1006 4195 1311 4288 Perfricasrontem,
1325 4207 1354 4251 et
1365 4193 1413 4250 dic
1425 4205 1452 4249 tc

354 4300 535 4377 digniorem,
549 4302 602 4383 qui
612 4311 728 4374 praetor
728 4296 840 4377 fieres,
850 4316 942 4380 quam
955 4293 1109 4354 Catonem.
