3246 5340
692 437 757 508 341

240 574 337 628 iheum
357 573 527 646 intelligam,
551 586 581 626 ιιι
603 575 772 628 Burmannus
794 569 823 622 in
844 567 957 622 Authol.
978 569 1037 620 Lat.
1058 565 1110 620 vol.
1130 567 1159 629 l,
1178 583 1206 637 p.
1226 565 1275 628 ll,

239 661 313 714 dicia
712 687 713 690 =

210 785 368 850 ureteras
382 783 416 846 ia
429 769 592 850 rumano
605 783 814 868 Epistularum
828 779 903 846 turi
916 775 1148 856 Saraucassii,
1162 777 1274 852 utvli,

172 887 224 961 11,
236 907 267 968 p.
283 885 356 962 328,
377 886 502 948 Cassius
514 887 556 946 ad
565 886 795 957 Maecenatem
813 882 938 959 lx,10,
955 901 988 965 p.
1003 880 1076 962 itt,
1097 879 1223 944 cassim
1235 880 1279 939 ad

171 983 335 1047 Tiberium
347 984 491 1056 secundo,
502 994 723 1048 memorantur.

491 1183 605 1256 XCV.
634 1180 823 1258 Domitius
840 1179 941 1254 Aler.

213 1383 396 1464 «Domitius
410 1397 499 1472 Ater,
515 1398 750 1472 Nemausensis,
766 1415 878 1460 roccus
896 1407 1047 1478 preturm
1066 1413 1130 1476 uua
1144 1391 1272 1460 liberio

163 1499 339 1577 imperante
353 1517 383 1558 a.
397 1501 436 1564 U.
447 1493 507 1560 'itt
517 1491 641 1558 iunctus
654 1506 734 1568 erat,
748 1493 889 1561 modicos
903 1487 1094 1572 dignationis
1108 1501 1140 1558 et
1151 1508 1273 1574 quoquo

162 1589 304 1656 facinore
318 1612 470 1681 properus
481 1593 668 1664 clarescere,
684 1605 719 1653 ut
733 1587 779 1656 ait
789 1591 917 1656 Tacitus
926 1593 1013 1658 Auo.
1024 1590 1080 1669 lV,
1094 1589 1147 1666 52,
1161 1583 1273 1672 Agrip·

161 1691 244 1774 pinse
260 1690 370 1774 (immo
385 1691 520 1756 Claudiae
533 1689 689 1768 Pulchre,
711 1709 778 1771 que
791 1701 860 1754 crat
876 1690 1056 1774 Agrippina
1069 1687 1207 1772 murina)
1222 1707 1272 1752 ac·

161 1785 323 1853 cusatioue
335 1807 365 1850 a.
379 1791 421 1856 U.
437 1787 497 1852 tta
512 1787 703 1876 primoribus
718 1799 880 1850 oratorum
899 1788 971 1850 addi
992 1788 1097 1870 coemt.
1121 1783 1171 1850 Ob
1187 1788 1272 1850 hauc

160 1881 343 1966 Agrippinae
353 1880 582 1946 accusationem
593 1883 658 1946 aC.
667 1883 806 1964 Caligula
817 1884 1009 1967 imperatore
1023 1884 1186 1968 inopinato
1198 1903 1272 1946 retra

159 1982 271 2054 tactus,
288 2000 375 2043 suam
389 1977 514 2043 dicendi
529 1995 629 2044 artem
644 1982 756 2044 callide
769 1983 931 2046 occultans
945 1978 1084 2064 nihilque
1097 2001 1161 2062 prae
1177 1981 1270 2044 simu·

160 2080 226 2142 late
239 2075 451 2162 trepidatione
464 2077 681 2142 etClendiente
694 2079 849 2146 umndie
861 2079 1069 2144 admiratione
1079 2078 1272 2162 respondens

159 2195 200 2236 ex
213 2171 356 2258 periculo
380 2194 443 2237 nou
467 2176 565 2238 solum
587 2177 688 2240 evasit
709 2175 884 2252 incolumis,
900 2178 955 2240 ted
974 2176 1082 2238 consol
1099 2175 1193 2242 eum
1211 2174 1271 2237 sui-

159 2271 259 2334 lectus
279 2281 326 2334 est
348 2290 378 2332 a.
391 2273 431 2338 U·
446 2273 503 2334 ’191
519 2285 648 2334 auctore
669 2273 771 2335 Dione
787 2274 898 2337 Cassio
920 2273 1003 2350 LlX,
1028 2275 1065 2338 tt
1086 2293 1149 2355 sq„
1172 2291 1191 2334 a
1212 2290 1272 2354 qao

160 2367 276 2432 (llsslllll'
289 2386 301 2436 l
314 2381 402 2454 Ἄφρος
415 2386 426 2438 ὁ
440 2383 547 2455 Δομίτιος
560 2381 696 2444 δεινότατος
711 2385 786 2438 alatis
799 2385 841 2438 ὧν.
857 2371 1001 2436 Summus
1010 2366 1065 2432 hic
1078 2365 1163 2434 illius
1171 2369 1272 2464 Ι1811111
1394 2381 1403 2396 “

158 2481 269 2531 orator
281 2469 316 2536 iu
330 2483 470 2532 extrema
484 2480 645 2536 senectute
660 2468 799 2553 quotidie
814 2466 935 2552 aliquid
954 2472 993 2534 de
1010 2489 1066 2532 sua
1084 2467 1272 2536 auctoritate

159 2567 305 2648 perdidit,
323 2571 396 2650 quia
412 2569 546 2634 delicere
560 2570 697 2634 malebat
708 2591 804 2650 ιιιιιιιιι
817 2570 977 2642 desinere,
993 2583 1030 2634 ut
1041 2570 1089 2634 au
1102 2565 1270 2653 Quintilia-

160 2685 220 2728 nus
234 2667 304 2744 Xll,
318 2670 371 2744 11,
390 2667 422 2743 3,
444 2669 533 2752 cujus
551 2669 601 2731 rei
618 2671 838 2730 mountain
857 2671 955 2732 relert
969 2669 1090 2730 Plinius
1103 2670 1203 2749 Ep'ut.
1223 2670 1267 2743 ll,

160 2762 213 2836 14,
230 2761 281 2824 10.
302 2763 459 2826 Domitios
472 2764 548 2827 Ater
564 2763 643 2827 obiit
656 2776 735 2826 teste
745 2765 855 2826 Tacito
871 2767 956 2826 Aua.
969 2763 1057 2838 xiv,
1077 2767 1125 2838 tt,
1143 2765 1270 2828 Nerone

157 2856 334 2946 imperante
352 2880 382 2922 a.
396 2862 438 2928 U.
452 2857 514 2924 812
534 2861 602 2946 (rel
614 2859 688 2934 813,
706 2881 737 2923 a.
750 2859 825 2924 Chr.
839 2861 897 2943 60)
917 2861 981 2923 cibi
1000 2860 1209 2928 redundantia
1232 2861 1266 2925 iu

157 2975 268 3030 coeua,
285 2968 319 3018 ut
334 2955 544 3042 Hieronymus
557 2957 591 3020 iu
607 2957 733 3020 Eusebii
746 2957 903 3022 Chronico
916 2953 1074 3020 memoria
1089 2951 1229 3020 tradidit.
1251 2984 1266 3014 a

156 3057 231 3119 ilaec
242 3056 441 3122 Weiehertua
458 3055 492 3124 iu
510 3059 683 3128 Commeat.
697 3061 744 3126 De
760 3059 900 3127 Domitio
918 3059 1022 3134 Marso
1034 3053 1154 3144 (Reliq.
1167 3059 1266 3146 post.)

198 3251 333 3336 Quintil.
346 3252 387 3325 X,
402 3254 524 3328 1,118:
541 3253 620 3318 Sunt
634 3251 688 3317 alii
703 3255 792 3318 multi
803 3255 925 3331 diserti,
943 3275 1020 3338 quos
1036 3256 1180 3340 persequi
1200 3256 1267 3320 lou·

154 3371 228 3432 grun
237 3361 295 3412 est.
309 3351 435 3426 Eorum,
448 3349 679 3431 quosviderim,
691 3353 842 3412 Domitius
851 3353 977 3434 Aferet
985 3353 1088 3412 Julius
1095 3353 1267 3434 Afiieortus

156 3454 248 3530 louge
257 3449 516 3533 prestantissimi.
528 3453 607 3512 Arte
618 3448 672 3513 ille
682 3465 715 3514 et
724 3463 790 3514 toto
799 3471 915 3530 genere
925 3451 1049 3514 dicendi
1058 3451 1266 3534 preferendus

154 3565 289 3632 uquam
299 3547 336 3612 iu
345 3557 478 3614 ursmaro
488 3563 632 3614 veterum
642 3553 747 3615 lunam
759 3571 821 3616 anu
833 3554 956 3616 umas.

198 3650 247 3710 ld.
262 3649 319 3722 Vl,
332 3646 365 3722 3,
378 3646 417 3708 li
429 3649 491 3710 alu
511 3650 671 3712 narrando
684 3647 797 3714 Cicero
813 3646 988 3716 mathitae
1007 3643 1139 3716 Mlius
1158 3659 1262 3731 pinta

154 3746 353 3808 dicacitatem
368 3743 402 3805 iu
413 3743 572 3827 jaciendo.
599 3743 680 3810 Mire
695 3746 753 3812 tuit
765 3745 801 3810 iu
814 3747 875 3812 hoc
888 3763 1007 3826 genere
1020 3757 1169 3812 temtus
1181 3746 1269 3828 Aser'

155 3845 329 3916 Domitius,
354 3840 440 3922 cujus
455 3843 649 3902 orationibus
671 3846 848 3928 complures
867 3839 1043 3926 hujusmodi
1064 3841 1265 3908 narrationes

154 3941 279 4002 inserte
294 3940 510 4022 reperiuntur:
524 3941 579 4002 sed
590 3941 746 4004 dictorum
758 3961 879 4025 qnoque
892 3941 1049 4005 abeodem
1059 3942 1181 4006 urbane
1191 3957 1264 4007 suut

153 4039 231 4101 editi
244 4035 330 4105 libri.
841 4043 844 4048 ’

195 4141 244 4202 ld.
255 4141 296 4214 X,
311 4140 341 4216 1,
355 4141 414 4203 24ι
431 4140 530 4206 Nobis
543 4139 651 4224 pueris
664 4139 806 4222 insignes
819 4156 885 4206 tres
900 4163 961 4223 pro
977 4143 1136 4206 Voluseno
1156 4143 1263 4206 Catulo

154 4239 283 4300 Domitii
290 4236 382 4319 Afri,
393 4239 492 4318 Crispi
500 4238 654 4316 Pnsttem',
668 4241 794 4302 Πασὺιιι·
801 4240 894 4304 Ludi
902 4239 1258 4308 camarensem.
