3212 5326
691 435 756 512 109

171 572 310 638 omnium
318 577 530 643 Romanorum
551 575 773 652 disertissimis,
786 579 1032 661 haudquaquam
1044 579 1193 663 οΙοφκω
1205 597 1273 644 esee

172 671 306 748 viderur,
321 685 353 736 et
363 687 467 736 tumen
476 675 572 736 multo
585 675 696 738 molitu
708 675 859 758 quantilli
874 679 913 741 de
922 676 1083 760 republica
1096 677 1221 752 meruit,
1239 689 1275 740 ot

172 765 286 834 Cicero
300 771 334 834 in
349 772 522 851 posteriore
541 773 609 835 loco
624 773 673 834 De
686 785 812 838 oratore
826 775 963 857 probare
976 773 1104 836 studuit.

214 863 272 928 Cic
287 868 336 928 Do
349 866 432 930 offic.
447 868 492 943 ΙΙ,
512 868 572 934 122
589 866 638 930 Ti.
654 871 818 935 Gmoohns
831 873 868 934 P.
889 873 925 934 F.
941 869 1060 934 tamdiu
1075 867 1272 941 laudabitur,

171 964 244 1028 dum
258 964 407 1030 memorio
425 982 529 1030 rernm
543 969 756 1030 Romanarum
768 969 924 1032 manebit.
940 971 991 1030 At·
1004 965 1071 1048 ejus
1083 963 1160 1040 lilii,
1180 965 1272 1026 Tibe·

171 1056 237 1122 rius
250 1072 284 1124 et
297 1057 402 1137 Cum,
420 1083 477 1126 uec
497 1060 563 1126 rivi
577 1064 794 1146 probabuntur
817 1064 921 1140 bonu,
936 1077 971 1128 et
983 1064 1099 1128 mortui
1112 1081 1276 1126 numerum

171 1153 317 1222 obtinent
328 1158 400 1241 jure
415 1179 574 1226 cesorum.

318 1308 382 1384 IV.
409 1311 450 1386 P.
474 1312 626 1390 Cornel.
641 1315 766 1421 Scipio
779 1311 979 1392 Africanus
993 1313 1124 1414 major.

213 1463 364 1545 Quemvis
381 1466 425 1528 eit
438 1466 626 1542 verisimile,
645 1467 727 1530 nihil
746 1469 898 1552 scriptum
919 1467 1081 1550 reliquisse
1100 1463 1277 1548 Scipionem

47 1568 49 1572 ’
170 1561 374 1641 equ-iorem,
399 1583 464 1628 non
477 1565 568 1628 omisi
581 1583 663 1640 enm,
694 1565 767 1648 quin
786 1567 971 1629 krceuutm
986 1565 1043 1628 snb
1063 1564 1131 1648 ejus
1150 1562 1278 1626 nomine

124 1647 127 1660 '
170 1660 288 1742 aliquot
304 1663 476 1726 oruthnee.
497 1661 581 1754 [Coe.
598 1685 628 1728 a.
646 1669 687 1734 U.
707 1663 768 1729 548
780 1679 816 1729 et
831 1661 923 1753 ddi]
1020 1681 1024 1690 ’

214 1763 328 1826 Cicero
346 1767 394 1826 De
411 1765 495 1828 ulfic.
514 1768 569 1842 ΙΙΙ,
589 1768 602 1828 l
624 1768 741 1831 :Nulla
754 1763 1012 1853 ejustntriesni)
1032 1761 1153 1846 ingenii
1167 1761 1275 1827 monu-

173 1873 278 1925 mento
289 1865 437 1927 mendum
447 1863 575 1943 litteris,
592 1867 710 1931 nullum
724 1885 800 1951 opus
811 1865 878 1940 otii,
891 1865 1011 1928 nullum
1023 1861 1198 1928 solitudinis
1211 1881 1275 1924 mu·

173 1982 231 2024 nus
241 1975 353 2025 exstat.

201 2046 388 2122 'Ferebatur
406 2067 503 2123 oratio
527 2061 569 2124 P.
589 2063 742 2142 Sct'pionis
775 2061 923 2128 adversus
945 2063 996 2124 M.
1019 2060 1164 2124 Novium
1189 2059 1274 2120 Turb.

170 2161 231 2240 pt,
249 2181 333 2224 enno
348 2159 408 2224 508
421 2163 540 2228 lt'ahite.

214 2259 285 2320 Liv.
308 2257 457 2335 XXXIX,
481 2261 547 2324 522
572 2257 752 2342 Scipionem
777 2275 809 2325 et
828 2261 978 2348 Polybius
1003 2269 1035 2323 et
1057 2255 1193 2332 Rutilius
1220 2255 1279 2318 hoc
1306 2240 1327 2310 6

172 2377 255 2419 anno
277 2357 361 2442 (570)
389 2375 545 2424 mortuum
568 2361 722 2425 scribunt.
750 2363 815 2444 Ego
835 2383 934 2446 neque
952 2363 1002 2424 his
1024 2381 1124 2444 neque
1150 2357 1277 2421 Valerio

173 2458 326 2520 assentior
342 2454 428 2535 :his
438 2461 519 2542 quod
534 2459 715 2523 censoribus
726 2461 772 2523 M.
791 2461 914 2538 Porcio,
936 2458 973 2522 L.
990 2457 1116 2522 Valerio
1132 2453 1179 2540 (a.
1195 2457 1277 2530 569)

172 2553 347 2637 principem
362 2568 487 2620 senatus
499 2555 598 2641 ipsum
610 2561 650 2622 L.
668 2558 832 2624 Valerium
847 2577 1007 2622 censorem
1018 2557 1162 2634 inveni03
1182 2575 1277 2636 quum

171 2653 383 2734 superioribus
407 2657 508 2719 tribus
525 2657 632 2719 lustris
646 2657 812 2720 Africanus
824 2657 943 2731 inisset,
971 2675 1030 2735 quo
1054 2655 1137 2730 vivo,
1163 2654 1225 2716 nisi
1243 2665 1278 2714 nt

171 2749 225 2816 ille
240 2771 351 2819 senatu
364 2769 554 2833 moveretur,
584 2779 676 2839 quam
696 2769 804 2819 notam
825 2776 916 2818 nemo
938 2755 1095 2818 memoriae
1118 2753 1275 2837 prodidit,

172 2847 411 2936 alius‘princeps
420 2851 455 2914 in
467 2853 570 2915 locum
582 2854 649 2938 ejus
661 2853 761 2916 lectus
773 2872 838 2914 non
845 2863 936 2914 esset.
948 2851 1106 2916 Antiatem
1119 2861 1278 2912 auctorem

172 2950 288 3014 refellit
309 2949 565 3032 tribunusplebis
596 2955 647 3015 M.
669 2951 812 3028 Novius,
834 2953 976 3014 adversus
1001 2970 1093 3036 quem
1114 2955 1213 3010 oratio
1237 2953 1280 3008 ἰη-

173 3051 289 3126 scripta
305 3045 347 3107 P.
369 3049 519 3129 Africani
527 3064 582 3110 est.
600 3049 660 3112 llic
673 3049 798 3116 Naevius
811 3049 845 3111 in
868 3045 1103 3128 magistratuum
1121 3042 1215 3108 libris
1231 3059 1280 3108 est

173 3140 319 3206 tribunus
340 3140 384 3227 pl.
404 3145 441 3207 P.
458 3142 600 3222 Claudio,
615 3149 652 3209 L.
667 3147 782 3235 Porcio
804 3145 981 3208 consulibus
1004 3141 1100 3226 (569),
1129 3143 1184 3206 sed
1207 3141 1280 3204 iniit

172 3242 366 3304 tribunatum
382 3245 444 3326 lp.
468 3244 607 3319 Claudio,
633 3247 675 3306 ΙΙΙ.
700 3233 885 3328 Sempronio
911 3241 1087 3306 consulibus
1108 3239 1193 3328 (568)
1207 3255 1280 3304 ante

173 3340 256 3402 diem
271 3347 415 3422 quartum
429 3341 499 3404 ldus
515 3341 716 3406 Decembres.
734 3345 812 3405 lndc
825 3356 890 3406 tres
904 3361 1025 3406 memes
1043 3343 1083 3403 ud
1108 3341 1180 3403 ldus
1198 3341 1279 3402 Mur·

173 3439 234 3502 ties
248 3453 334 3514 sunt,
350 3437 463 3532 quibus
478 3443 515 3504 Ρ.
537 3439 694 3516 Claudius,
711 3441 748 3504 L.
768 3441 899 3504 Porcius
919 3439 1113 3504 consulatum
1127 3435 1277 3502 inierunt.

174 3541 224 3602 lta
238 3555 272 3602 et
295 3540 408 3606 vixisse
421 3543 456 3604 in
472 3541 634 3606 tribunatu
647 3543 744 3606 duvii
758 3542 896 3616 videtur,
915 3543 1042 3624 diesque
1055 3539 1086 3605 ei
1109 3538 1172 3604 diei
1187 3539 1229 3601 nb
1244 3559 1281 3601 eo

173 3638 325 3719 potuisse,
347 3637 513 3702 decessisse
538 3652 642 3703 autem
664 3641 793 3711 autel..
818 3640 938 3702 Valerii
957 3653 991 3702 ct
1010 3641 1053 3701 ΙΙ.
1078 3637 1185 3701 Porcii
1206 3651 1279 3700 ce»

172 3755 287 3798 suram.

216 3831 285 3894 Cic.
306 3833 353 3894 De
367 3845 448 3896 orat.
465 3833 509 3907 ll,
523 3831 575 3907 61,
590 3833 670 3896 2492
685 3833 770 3922 Quid
777 3831 834 3892 hoc
854 3830 956 3894 Noevu'o
979 3827 1148 3912 ignavius?
1173 3849 1282 3892 severe

174 3927 311 4012 Scipio.¹

210 4037 300 4092 Navio
320 4038 449 4112 ι’ςηαυιὶυ]
475 4039 619 4094 ridiculum
639 4041 725 4095 oritur
745 4059 778 4100 ex
800 4039 1027 4094 denominatione.
1054 4038 1084 4098 ld
1105 4056 1137 4098 ex
1161 4037 1281 4092 oratione

203 4152 205 4158 ·
247 4126 365 4180 Africani
380 4129 409 4182 in
425 4129 463 4182 M.
481 4129 602 4182 Nerium
615 4141 752 4202 sumptum
767 4127 884 4182 videtur.

219 4227 340 4290 Gellius
354 4230 411 4305 lv,
436 4230 473 4292 18
488 4249 495 4297 t
513 4227 590 4296 Cum
612 4230 653 4292 Μ.
679 4229 801 4294 Nervius
825 4228 970 4291 tribunus
989 4227 1093 4309 plebei
1120 4237 1283 4290 accusaret
