3212 5326
891 419 957 494 126
1001 425 1005 432 ’

317 611 320 618 .
354 557 507 641 -praetulit
520 560 687 632 liemarus,
710 579 780 622 curn
795 571 827 622 ct
847 559 1010 624 Sallustius
1024 565 1086 637 vis,
1104 563 1129 624 i.
1149 581 1179 623 e.
1199 562 1295 634 vires,
1311 556 1483 642 pluraliter

370 656 511 720 dixisset.
530 658 608 720 Vide
621 657 708 720 (lort.
735 659 774 720 ad
788 659 912 724 Sallust.
930 661 1053 741 Fragm.
1071 681 1103 743 p.
1117 661 1190 726 sta.
1220 659 1380 724 Assentior
1393 662 1482 722 bler-

371 777 461 833 ccro;
473 755 600 836 languet
609 758 693 818 enirn
703 777 756 818 eos
769 758 887 818 dolores
896 759 947 822 vel
957 765 1005 820 eis
1019 759 1150 834 dolores,
1159 761 1240 840 quod
1251 759 1481 842 apudGellium

257 841 261 852 .
275 895 283 908 ι
370 867 402 917 ct
411 854 543 918 Nonium
555 855 646 936 vulgo
658 856 783 935 legitur.
803 857 861 918 Vis
871 857 1028 938 significat
1036 855 1216 920 violentiam
1228 857 1327 920 omnis
1337 854 1479 938 generis,

239 989 246 1008 .
370 953 586 1028 contumelias,
599 965 634 1014 nt
646 953 737 1032 vulgo
749 951 882 1022 dicimus
894 957 1093 1038 vimsacere.

410 1051 532 1138 Lipsius
547 1075 616 1117 curn
631 1067 767 1138 putaret,
783 1057 843 1118 hac
865 1057 899 1120 in
921 1054 1066 1120 oratione
1084 1058 1123 1120 de
1145 1053 1247 1138 poenis
1266 1067 1386 1118 tantum
1401 1057 1480 1120 lalso

368 1157 614 1238 provincialibus
634 1156 779 1236 irrogatis
799 1158 950 1222 Catonem
972 1179 1038 1228 esse
1060 1169 1213 1239 questum,
1238 1157 1360 1220 titulum
1380 1157 1415 1220 in
1437 1160 1481 1219 de

369 1257 463 1330 falsis
479 1261 577 1337 punis
596 1255 827 1330 mutavit,Var.
847 1261 948 1322 Lectt.
971 1257 1066 1335 1,1t.
1092 1259 1152 1321 Sed
1173 1257 1334 1342 spectabat
1344 1277 1417 1322 ‚non
1436 1260 1480 1322 ad

371 1367 588 1434 argumentum
603 1355 697 1418 totius
711 1353 873 1432 orationis,
891 1358 946 1418 sed
964 1357 1003 1418 ad
1022 1357 1230 1436 fragmentum
1244 1367 1378 1430 tantum,
1394 1358 1478 1438 quod

297 1483 343 1554 24
371 1453 462 1516 nobis
472 1451 627 1536 reliquum
638 1467 702 1516 est:
714 1474 821 1540 porro,
834 1455 887 1536 qui
899 1442 1040 1536 desolato
1051 1460 1150 1536 poenis
1164 1454 1247 1518 dicet
1257 1475 1315 1538 pro
1326 1457 1364 1518 de
1375 1461 1479 1536 poenis

359 1556 450 1634 falso
463 1560 623 1636 irrogatis,
633 1556 764 1620 latinum
775 1553 861 1640 loqui
873 1576 963 1636 nego.

394 1785 410 1812 Χ
535 1775 624 1838 ΜΟ.
647 1796 759 1840 orario
782 1795 937 1844 auvrmus
959 1775 1004 1840 ι’.
1028 1795 1154 1840 scruuu
1176 1797 1312 1852 ausari.

416 1965 584 2031 Orationes
594 1969 744 2032 adversus
761 1968 815 2032 Μ’.
835 1968 969 2032 Acilium
982 1964 1189 2032 Glabrionem
1204 1987 1288 2030 anuo
1303 1967 1365 2032 564
1379 1967 1479 2030 dictas

372 2083 441 2126 esse
456 2062 605 2146 conjicio.
619 2067 721 2144 Testis
732 2081 780 2130 est
791 2067 899 2130 livius
910 2066 1071 2139 XXXVII,
1086 2067 1123 2128 57
1137 2086 1146 2127 a
1159 2066 1274 2130 Eodem
1292 2057 1376 2128 auno
1391 2062 1477 2148 (564)

374 2181 538 2224 oeumram
551 2163 642 2227 multi
656 2177 689 2226 et
700 2160 781 2228 clari
795 2163 857 2226 viri
874 2165 1046 2245 petierunt,
1062 2182 1196 2244 qim-ras
1210 2175 1369 2242 tamquam
1390 2158 1425 2224 iu
1444 2182 1477 2227 se

373 2277 485 2340 parum
498 2261 604 2339 magui
617 2257 800 2324 certaminis
814 2278 939 2324 eausam
958 2258 1105 2335 baberet,
1128 2260 1222 2324 aliam
1244 2257 1476 2324 contentionem

372 2359 471 2422 multo
484 2360 635 2444 majorem
647 2359 810 2436 excitarit.
826 2363 980 2424 Petebant
991 2362 1027 2422 Τ.
1040 2361 1190 2444 Quintius
1201 2359 1413 2434 Flamininus,
1437 2360 1473 2423 P.

372 2455 536 2521 Cornelius
548 2459 607 2523 Cu.
624 2460 658 2522 li.
672 2459 791 2542 Scipio,
806 2461 843 2521 L.
853 2460 997 2524 Valerius
1014 2460 1157 2536 Flaccus,
1175 2461 1218 2522 Μ.
1237 2458 1369 2522 Porcius
1386 2457 1476 2541 Catu,

371 2555 417 2616 Μ.
429 2555 575 2621 Claudius
583 2558 769 2633 Marcellus,
788 2559 847 2622 Μ’.
866 2556 985 2622 Acilius
996 2557 1150 2633 Glabrio,
1167 2552 1221 2637 qui
1235 2555 1425 2626 Antiochum
1438 2555 1476 2618 ad

371 2655 597 2742 Thermopylas
611 2659 788 2739 AEtolosquc
800 2657 971 2722 devicerat.
988 2657 1027 2720 ln
1038 2658 1122 2721 bunc
1133 2657 1279 2728 maxime,
1289 2627 1372 2736 quoi
1381 2653 1475 2716 multa

370 2754 531 2832 congiaria
546 2755 713 2830 habuerat,
729 2755 840 2836 quibus
853 2774 999 2834 magnam
1012 2765 1134 2837 purtem
1148 2753 1307 2842 hominum
1321 2750 1475 2830 obligare

290 2861 292 2868 '
372 2862 435 2923 rat,
458 2851 546 2914 lavor
567 2853 674 2935 populi
697 2873 730 2914 sc
753 2853 937 2916 inclinabat.
965 2853 1003 2916 ld
1026 2869 1099 2916 eum
1119 2868 1202 2930 mgna
1226 2862 1410 2933 potarentur
1433 2861 1478 2914 tot

372 2951 503 3025 nobiles,
525 2973 639 3014 novum
653 2949 715 3014 sibi
728 2954 884 3017 hominem
900 2965 1020 3016 tanturn
1035 2948 1190 3033 preferri,
1214 2952 1253 3013 P.
1275 2947 1476 3032 Sempronius

370 3050 534 3112 Gracchus
548 3063 581 3112 et
594 3050 630 3113 C.
646 3048 848 3131 Sempronius
863 3049 986 3112 Rutilus
1001 3041 1238 3132 tribuniplebis
1252 3049 1282 3111 ei
1295 3049 1378 3111 diem
1396 3049 1477 3110 dixe·

371 3159 462 3220 runt,
478 3145 559 3228 quod
572 3147 713 3228 pecunie
728 3147 823 3226 regim
840 3147 1011 3228 praedisque
1025 3147 1216 3232 aliquantum
1238 3161 1336 3228 captat
1355 3146 1390 3208 in
1410 3148 1473 3208 Au·

371 3240 469 3302 tioohi
494 3240 607 3301 castris
632 3259 733 3322 neque
758 3238 792 3302 in
819 3238 975 3324 triumpho
1000 3245 1123 3306 tulisset
1148 3263 1249 3326 noque
1274 3239 1309 3304 in
1334 3238 1475 3304 aerarium

370 3334 540 3400 retulisset.
557 3333 659 3397 Varia
678 3337 856 3402 testimonia
875 3338 1049 3420 legatorum
1069 3341 1327 3424 tribunorumque
1346 3339 1476 3402 militum

371 3447 473 3496 erant.
498 3431 540 3496 M.
556 3433 634 3497 Cato
656 3449 729 3500 ante
750 3432 828 3506 alios
849 3449 944 3502 testes
966 3431 1240 3522 conspiciebatur:
1265 3439 1354 3526 enjus
1375 3452 1476 3502 aucto·

370 3535 497 3600 ritatem
511 3546 787 3617 perpetuotenore
800 3534 873 3598 rite
886 3547 1008 3616 partam
1028 3547 1102 3615 toga
1120 3537 1254 3602 candida
1267 3535 1423 3600 elevabat.
1448 3535 1476 3596 ls

265 3690 271 3704 ,
369 3634 474 3708 testis,
495 3655 564 3720 quse
584 3654 663 3692 vasa
682 3653 777 3692 aureo
795 3648 884 3718 atque
898 3648 1044 3717 argentea
1057 3639 1157 3714 captis
1171 3639 1280 3696 castris
1295 3639 1375 3696 inter
1386 3633 1476 3692 abiam

367 3735 511 3811 praedam
537 3739 657 3814 regiam
683 3735 828 3808 vidisset,
854 3756 892 3794 eo
913 3756 948 3795 se
969 3739 1000 3798 in
1023 3736 1174 3816 triumpho
1198 3736 1329 3817 negabat
1351 3736 1472 3794 vidisse.

369 3833 529 3899 Postremo
537 3836 571 3896 in
580 3836 670 3918 hujus
681 3836 815 3898 maxime
824 3835 974 3900 invidiam
985 3837 1336 3922 desisteresepetitione
1343 3835 1474 3902 Glabrio

370 3932 462 4010 dixit,
475 3939 608 4016 mrando,
618 3939 701 4019 qnod
710 3938 801 4000 taciti
809 3938 1050 4018 indignarentur
1059 3939 1338 4016 nobilesbomiues,
1350 3939 1383 4002 id
1393 3955 1473 4020 uque

369 4053 466 4098 novus
477 4037 661 4118 competitor
672 4034 881 4100 inaestimabili
893 4035 1035 4122 perjurio
1046 4037 1229 4104 incesseret.

411 4135 454 4196 Μ.
471 4135 550 4196 Cato
564 4134 652 4198 inter
669 4147 764 4200 testes
785 4150 932 4222 apparet,
958 4137 1032 4219 quia
1050 4137 1171 4218 legatus
1191 4139 1293 4202 luerat
1313 4135 1372 4202 Μ’.
1387 4135 1474 4202 Acilii

370 4229 554 4298 Glabrionis
573 4233 707 4298 consulis
727 4251 810 4300 anuo
833 4232 905 4300 562.
932 4237 972 4300 V.
989 4236 1058 4302 Lir.
1074 4235 1280 4311 xxxvttt.
1304 4234 1387 4298 Plut.
1403 4234 1468 4298 Cat·
