3212 5326
912 445 974 519 154

431 592 498 653 Hoc
512 591 716 669 fragmentum
732 589 769 650 ad
785 587 944 670 antiquum
961 589 1097 651 colorem
1112 587 1293 652 Catonianae
1308 587 1493 670 eloquentiae

385 688 671 768 recognoscendum
684 683 904 766 gravissimum
918 699 977 758 est,
991 705 1122 767 eamque
1136 705 1280 765 magnam
1295 685 1360 747 vim
1374 685 1493 752 hebere

384 803 476 873 etque
490 790 679 852 urbanitatis
687 789 753 872 jam
764 788 927 852 continere
941 785 1075 868 vestigia
1094 787 1252 850 latendum
1265 799 1323 849 est.
1342 788 1494 872 Compen-

383 901 470 951 setur
480 885 608 950 omnino
620 885 752 963 ruditas,
780 906 848 968 quac
861 886 969 948 verbis
982 885 1124 961 inheret,
1152 886 1307 948 dictorum
1323 883 1489 968 prudentia

381 1000 413 1048 et
424 983 658 1069 perspicuitate.

414 1123 473 1177 Scio
485 1125 586 1191 solere]
606 1123 714 1176 Gellius
736 1123 811 1184 xlll,
828 1123 862 1176 tl
878 1143 885 1174 t
901 1146 914 1170 o
924 1123 961 1175 Μ.
976 1125 1043 1178 Ceto
1064 1123 1092 1175 in
1106 1125 1234 1176 orationis
1246 1123 1388 1196 principio,
1408 1142 1485 1194 quam

448 1207 517 1260 dixit
529 1207 558 1260 in
572 1221 666 1260 senatu
684 1223 735 1279 pro
749 1203 958 1269 Rhodiensibus,
973 1225 1034 1258 cum
1047 1205 1130 1259 vellet
1142 1227 1184 1260 res
1196 1208 1277 1260 nimis
1289 1225 1429 1279 prosperas
1441 1209 1481 1260 di·

446 1313 515 1358 cem
533 1293 620 1348 tribus
638 1291 776 1346 vocabulis
794 1293 864 1346 idem
885 1293 1064 1346 sentientibus
1082 1293 1168 1347 dixit:
1191 1291 1251 1347 Scio
1264 1294 1346 1346 solere
1353 1293 1486 1364 plerisque

446 1378 585 1433 domaratus
611 1379 638 1430 t'a
663 1381 739 1431 retus
760 1379 886 1432 aecundis
906 1374 986 1450 atque
1008 1378 1118 1450 prolixis
1135 1387 1216 1450 atque
1227 1379 1362 1451 pmaperis
1375 1385 1482 1432 manum

445 1463 583 1522 excellere,
593 1469 674 1532 atque
687 1458 830 1532 rupertr'am
843 1469 923 1534 atque
929 1461 1055 1531 feroram
1064 1481 1212 1535 augescere.
1225 1485 1238 1512 »

411 1575 437 1628 r'a
454 1577 530 1628 retur
542 1575 676 1642 secandis]
696 1575 911 1647 proepmidonera
924 1574 952 1628 t'n
964 1574 1054 1628 addidi
1064 1595 1096 1628 ex
1106 1576 1181 1630 Gell.
1197 1577 1272 1641 xm,
1285 1577 1331 1627 rt.

299 1679 340 1753 di
406 1703 694 1769 atque-atqueatquc]
719 1697 788 1752 hanc
811 1697 971 1770 particulam
995 1711 1066 1751 amet
1091 1700 1171 1762 Cato,
1194 1709 1264 1750 amnt
1284 1697 1478 1750 vetustissimus

442 1786 556 1853 quisque
575 1783 731 1836 Latinorum
744 1793 883 1836 auctorum
902 1803 908 1834 ι
924 1782 994 1852 quod
1008 1795 1101 1854 postea
1118 1782 1215 1835 imitati
1231 1785 1338 1836 Murcus
1355 1781 1479 1834 Aurelius

441 1876 520 1936 etque
532 1867 641 1919 Fronto.
655 1865 706 1918 Ille
725 1866 797 1920 enirn
810 1865 882 1937 apud
894 1867 1054 1929 Frontonem
1068 1867 1155 1937 Epist.
1170 1867 1206 1930 ll,
1224 1865 1255 1918 lo
1267 1887 1274 1918 t
1290 1869 1350 1939 Ego
1362 1863 1418 1924 tibi,
1430 1864 1473 1924 ait,

439 1949 471 2002 da
482 1957 596 2020 patrona
612 1969 666 2004 raca
682 1951 724 2002 M.
741 1948 837 2004 Paretb
851 1948 955 2022 grattas
973 1969 1033 2022 ago,
1050 1949 1122 2020 quad
1133 1969 1191 2004 eum
1207 1952 1293 2004 crebra
1307 1949 1418 2002 lectitas.
1438 1949 1473 1998 Tu

439 2031 503 2085 mebi
510 2035 543 2090 de
561 2035 594 2088 C.
614 2033 706 2105 Crispo
721 2031 796 2088 timeo
811 2040 843 2086 ut
855 2050 977 2104 amquam
987 2032 1091 2106 gratias
1106 2053 1184 2106 agere
1191 2034 1295 2106 possm
1312 2052 1370 2086 nara
1379 2030 1472 2086 aniM.

437 2119 531 2174 Porcia
543 2120 709 2174 noedcdr'caui
717 2133 797 2190 atque
811 2119 935 2192 desperati
941 2133 1020 2190 atque
1032 2120 1159 2192 delegavi.
1175 2123 1232 2174 Hoc
1242 2121 1320 2174 ettam
1334 2121 1417 2194 ipsum
1429 2127 1476 2174 At·

436 2223 489 2274 que
497 2204 680 2274 aadeputas?
689 2222 723 2254 aa
736 2201 894 2273 ipsofisror!

400 2326 453 2379 lsoec
465 2333 522 2394 res]
541 2323 643 2379 bellum
655 2325 801 2379 Persicum.
820 2325 930 2391 [Statim
947 2325 1006 2377 cod.
1022 2327 1089 2398 Reg.
1099 2326 1257 2396 praeesset]

398 2449 514 2504 advorsa
528 2469 571 2502 res
586 2449 720 2517 ettamen]
738 2449 949 2502 emendationem
966 2450 1055 2519 recepi
1072 2449 1164 2502 Prieaei
1184 2451 1216 2502 ad
1238 2452 1402 2523 Appuleium
1416 2457 1468 2507 ble-

433 2547 498 2590 tutn.
506 2552 552 2599 vu,
567 2553 597 2606 p.
612 2536 660 2588 287
671 2534 715 2588 ed.
728 2534 852 2588 Oudend.
864 2532 987 2605 intellige
999 2532 1116 2589 edomant
1125 2533 1349 2608 numm-Vulgo
1357 2538 1465 2592 “dvm

431 2636 474 2669 res
485 2636 513 2670 se
525 2617 640 2669 domant.

395 2706 408 2734 *
426 2723 444 2758 a
457 2711 526 2758 recte
545 2704 711 2772 meando]
730 2705 789 2758 cod.
802 2704 870 2777 Reg.
886 2723 904 2757 a
919 2722 998 2756 nrcro
1015 2722 1084 2756 com.
1101 2703 1180 2772 Quod
1194 2705 1305 2758 fortasse
1323 2709 1403 2781 recipi
1421 2710 1464 2762 de-

430 2790 519 2846 behet.

391 2933 473 2989 aeque
484 2935 570 2990 regent
581 2885 682 2972 lietera
692 2915 797 2982 urbissc]
817 2917 874 2986 Ego
892 2881 1000 2984 quidern
1017 2932 1125 2978 censeo,
1145 2913 1346 2970 Rhodiensibus
1362 2920 1460 2992 gratius

426 3000 520 3064 fuisse,
534 3000 558 3052 ei
570 2999 714 3052 infeliciter
726 3010 820 3052 contra
837 3002 935 3049 Persen
948 3010 1114 3068 pugnassent
1131 2997 1256 3059 Romani,
1275 3001 1349 3072 iique
1370 3004 1458 3076 pou‘us

429 3087 463 3138 ob
480 3087 530 3139 illo
546 3087 722 3139 essentricti.
744 3085 797 3138 Sed
815 3097 910 3156 praeter
929 3083 1095 3137 Rhodienses
1113 3084 1192 3138 multi
1211 3085 1257 3138 alii
1279 3090 1375 3160 populi
1392 3091 1458 3143 idem

424 3173 579 3244 cupiebant,
600 3186 634 3226 ne
652 3172 733 3224 nimis
751 3183 874 3244 potentes
897 3171 992 3223 lierent
1010 3170 1138 3236 Romani,
1163 3191 1212 3225 nec
1235 3187 1336 3229 ceteros
1360 3195 1460 3252 quoque
1573 3219 1574 3224 ,

424 3250 540 3327 populos
552 3255 603 3309 sub
616 3255 757 3327 imperium
769 3265 848 3307 strum
859 3253 1017 3326 redigerent.

387 3380 460 3437 baud
469 3382 522 3437 ,τοῖο
538 3389 589 3450 an]
608 3383 701 3436 eodem
719 3401 800 3435 sensu
817 3381 927 3443 dictum,
943 3399 1023 3450 quoa
1044 3379 1171 3434 Cicerone
1193 3381 1246 3435 dici
1273 3383 1360 3450 solet;
1382 3385 1455 3440 aliter
1570 3449 1571 3452 Ἴ

420 3469 453 3524 C.
474 3465 613 3520 Gracchus
631 3466 660 3520 in
677 3466 795 3518 oratione
815 3467 857 3516 De
880 3459 978 3536 aglom
999 3483 1016 3515 a
1034 3483 1062 3516 se
1074 3463 1261 3539 proraulgatr's,
1276 3487 1305 3538 p.
1334 3471 1392 3532 tat,
1411 3470 1455 3522 ubi

419 3575 447 3609 v.
467 3561 567 3609 notam.

417 3678 523 3734 Partim
541 3684 643 3746 eorum]
663 3677 696 3730 de
709 3677 758 3730 hac
771 3676 969 3730 constructione
982 3695 1009 3728 r.
1023 3675 1170 3729 Ruhnken.
1181 3677 1289 3731 Dictata
1300 3680 1335 3733 ad
1345 3675 1450 3733 Terent.

417 3769 483 3821 Hec'.
498 3765 603 3840 prolog.
626 3765 662 3831 ll,
686 3765 712 3830 i,
727 3776 755 3818 et
773 3765 905 3836 Heusing.
926 3763 960 3816 ad
972 3765 1053 3818 Corn.
1069 3765 1166 3836 Nepot.
1184 3765 1267 3819 Attio.
1291 3787 1316 3820 c.
1335 3769 1361 3822 7.
1375 3767 1447 3820 Both.

388 3875 391 3882 ⁴
415 3869 444 3922 p.
465 3851 511 3904 to.

379 3981 474 4028 nostm
484 3969 642 4028 contumelia
654 3978 750 4040 caussa]
772 3991 827 4026 non
842 3984 872 4024 ut
889 3971 918 4026 in
939 3973 1111 4045 ignominiam
1134 3986 1162 4026 et
1184 3973 1312 4027 dedecora
1333 3976 1451 4029 incurre-

416 4081 515 4116 minus.

377 4192 521 4229 vereremur
536 4179 564 4226 et
574 4179 640 4244 qiu]
659 4170 751 4226 Carrio
769 4135 869 4222 eddidit
880 4176 919 4222 et.
936 4170 1054 4251 Gronor.
1067 4167 1198 4242 conjecit:
1213 4190 1358 4226 vereremur
1369 4171 1446 4243 quad-

412 4280 463 4334 que
474 4261 743 4333 lateret,saeeremus‚
762 4255 832 4329 quod
845 4259 938 4329 probo.
953 4259 1006 4322 [Et
1018 4255 1053 4309 ita
1066 4257 1251 4329 scripsimus.]
