3246 5340
709 377 776 450 363

207 516 308 578 Tacit.
325 516 408 576 bnn.
429 513 486 590 IV,
506 513 565 576 422
583 517 628 578 Ac
641 502 722 580 loire
734 515 842 578 habita
854 536 911 598 per
924 516 994 580 illoe
1006 517 1076 580 dies
1084 519 1122 580 de
1131 519 1265 586 Votieno

166 611 325 686 Montano,
342 609 476 674 celebris
490 607 610 690 ingenii
622 611 702 685 viro,
718 612 854 692 cognitio
877 625 1077 678 cunctantem
1094 613 1161 699 jam
1173 615 1264 680 Tibe·

164 710 245 772 riom
260 711 405 792 perpulit,
418 724 453 772 nt
460 711 605 774 vitandos
618 712 763 776 crederet
777 726 902 796 patrum
914 725 1025 790 coetae,
1035 731 1188 796 vocesque
1198 735 1266 799 qnae

166 809 345 890 plerumque
359 829 441 872 verse
460 825 492 874 et
510 830 622 891 graves
636 831 744 876 coram
756 811 1049 892 ingerebantur.....
1066 813 1106 876 lit
1116 815 1267 878 Votienus

165 909 287 990 quidem
300 910 470 993 majestatis
482 913 584 994 poenis
597 910 725 976 allectus
736 924 795 974 cst.

198 1053 294 1121 poem'a]
310 1049 463 1121 Hieronym.
480 1050 509 1102 in
526 1050 624 1104 Euscb.
642 1051 763 1103 Chremi
783 1052 911 1106 Votienus
928 1051 1072 1106 Montanus
1088 1051 1268 1106 Narbonensis

232 1145 322 1185 orator
338 1139 366 1186 in
382 1136 532 1190 Balearibus
545 1136 637 1188 naulis
652 1142 772 1199 moritur,
789 1137 854 1188 illuc
865 1157 882 1189 a
892 1135 995 1190 libano
1008 1138 1146 1209 relegatur.
1168 1137 1199 1189 In
1211 1136 1267 1188 exi·

236 1217 302 1268 lium
314 1218 411 1288 pulsus
422 1238 447 1271 a.
457 1221 491 1272 U.
504 1219 552 1271 777
564 1218 633 1271 diem
646 1219 715 1272 obiit
726 1239 751 1272 a.
762 1221 823 1273 779.
847 1220 1029 1274 Narbonensis
1044 1233 1101 1275 erat
1113 1222 1267 1281 Montanus,
1295 1203 1364 1277 245

237 1313 268 1351 ut
286 1300 416 1354 Martialis
432 1315 537 1372 qnoque
555 1313 668 1354 testatur
684 1302 775 1375 Epigr.
795 1305 822 1367 l,
844 1306 875 1368 8,
893 1305 944 1356 li:
965 1307 1044 1358 Docti
1063 1310 1153 1376 patria
1171 1304 1266 1358 Narbo

239 1387 271 1440 V
267 1390 354 1440 ottbni.

399 1567 524 1639 CVIII.
553 1569 595 1638 L.
613 1567 754 1638 lunius
767 1563 892 1640 Gallio
911 1583 1029 1663 pater.

208 1767 292 1830 Dial.
306 1769 344 1832 de
357 1781 452 1830 oratt.
465 1791 493 1832 c.
508 1769 567 1832 26:
589 1769 735 1831 Ceterum
757 1770 784 1830 si
805 1769 917 1833 omisso
938 1767 1055 1852 optimo
1075 1769 1128 1831 illo
1149 1783 1181 1830 et
1200 1789 1267 1850 per·

166 1865 335 1929 lectissimo
348 1884 462 1944 genere
475 1865 659 1948 eloquentiae
673 1862 817 1944 eligenda
832 1866 873 1927 sit
886 1866 985 1927 forma
1003 1865 1139 1940 dicendi,
1162 1867 1266 1926 malim

165 1966 301 2029 lIcrcnlc
314 1965 351 2025 C.
366 1965 504 2030 Gracchi
515 1966 665 2048 impetum
688 1978 741 2028 ant
762 1968 798 2028 L.
815 1961 922 2030 Crassi
943 1966 1153 2028 maturitatem
1176 1987 1266 2046 quam

164 2059 360 2124 calamistros
372 2059 547 2124 Maecenatis
560 2075 615 2124 aut
628 2059 760 2124 tinnitus
770 2059 936 2126 Gallionis.

206 2162 326 2226 Seneca
337 2163 428 2224 Rhet.
442 2161 594 2227 Controv.
606 2161 663 2224 lib.
678 2183 699 2224 v
709 2163 795 2246 prael.
808 2184 841 2244 p.
857 2162 914 2225 351
926 2182 934 2223 ι
952 2161 1131 2225 Monstrabo
1152 2160 1266 2222 bellum

164 2262 253 2324 vobis
264 2261 414 2334 libellum,
432 2281 521 2342 quem
536 2285 554 2322 a
565 2260 712 2328 Gallione
726 2275 831 2325 vestro
844 2262 967 2345 petatis.
985 2261 1266 2324 Recitabitrescri-
1286 2297 1289 2306 Δ

163 2375 250 2444 ptum
264 2362 403 2424 Labieno
416 2381 475 2444 pro
489 2360 632 2446 Bathyllo
647 2361 838 2440 blacenatis,
854 2363 889 2423 in
903 2381 964 2443 quo
977 2359 1151 2444 suspiciens
1162 2363 1263 2423 adole-

162 2458 277 2521 scentis
287 2457 435 2532 animam,
447 2457 518 2518 illos
529 2459 638 2521 dentes
649 2460 689 2522 ad
700 2459 904 2522 mordendum
916 2457 1126 2540 provocantis.

196 2593 256 2646 illos
265 2595 365 2658 mnas]
375 2592 405 2644 in
417 2591 466 2642 bac
480 2593 609 2656 oratione,
619 2611 672 2662 qua
685 2591 800 2646 crationi
808 2592 920 2646 Labieni
928 2591 1074 2662 rescripsit,
1087 2592 1191 2648 fortiter
1202 2611 1263 2664 pro-

232 2686 309 2726 vocat
315 2671 407 2726 Gallio
416 2672 603 2726 adversarium.

203 2797 337 2883 Quintil.
358 2796 416 2870 IX,
436 2797 467 2868 2,
489 2800 548 2860 912
567 2798 619 2858 Est
638 2798 738 2861 latens
760 2810 793 2860 et
812 2799 867 2860 illa
887 2797 1084 2876 nigrificatio,
1102 2817 1175 2880 qna,
1191 2821 1261 2864 cnm

142 2899 210 2981 ,jus
225 2898 363 2980 asperius
377 2899 494 2980 petitur
509 2918 527 2960 a
536 2895 654 2978 jndice,
676 2897 711 2958 fit
732 2909 837 2960 tamen
857 2915 926 2982 spes
947 2899 1048 2980 aliqua
1070 2897 1256 2975 clementia,

160 3017 223 3060 non
237 2997 339 3079 palam
358 3016 398 3060 ne
411 2993 623 3076 paciscamur,
640 2995 700 3056 sed
712 3014 769 3078 per
784 2996 945 3077 qnamdnn
960 2984 1142 3058 credibilem
1166 2998 1261 3079 suspi-

160 3095 294 3158 cionem.
306 3096 401 3157 Latro
412 3095 509 3174 igitur
520 3095 648 3177 optim:
661 3095 792 3157 occides
803 3115 879 3174 ergo
890 3093 952 3154 isc
960 3109 1082 3172 potero.
1094 3097 1261 3159 Remiseius

162 3209 196 3260 et
208 3217 267 3279 pro
280 3216 334 3259 eno
343 3194 473 3274 ‘ingenio
484 3209 574 3279 pater
586 3196 713 3261 Gallio:
727 3198 829 3266 Dura,
838 3200 952 3268 am'me,
965 3197 1058 3256 duras
1070 3195 1261 3278 berefonior

153 3291 269 3372 fideti!

196 3451 285 3515 Dura,
296 3453 391 3516 anime]
401 3447 429 3500 id
442 3467 496 3500 non
508 3449 535 3500 in
548 3447 731 3512 oratione,sed
741 3448 769 3500 in
778 3447 966 3501 declamatione
978 3444 1087 3516 quadam
1098 3446 1178 3498 dixit:
1190 3448 1259 3500 idem

232 3532 303 3585 enim
317 3533 387 3604 apud
398 3534 524 3588 Senecam
536 3533 565 3586 in
574 3533 699 3586 Controv,
712 3533 762 3586 lib.
772 3533 807 3598 11,
820 3533 861 3597 ll,
876 3553 903 3605 p.
919 3533 964 3585 777
977 3531 1105 3604 legimus:
1118 3532 1184 3586 Cum
1195 3535 1258 3584 oul-

230 3629 298 3676 tnm,
312 3619 351 3667 ait
364 3615 465 3679 Gallo,
479 3618 506 3666 in
521 3616 641 3687 supplicia
652 3614 768 3668 babinam
778 3619 933 3680 submiseris,
948 3633 1006 3667 eum
1020 3617 1133 3666 diutiss
1147 3615 1259 3667 Pornr'tet

231 3702 302 3774 quaed
309 3703 394 3772 rapui,
405 3699 478 3772 quod
485 3713 511 3752 tc
515 3706 629 3771 priorem
638 3721 690 3754 non
698 3705 788 3774 rogavi
791 3724 802 3769 ‚-
810 3719 869 3752 eum
877 3701 1010 3753 &renate
1017 3700 1257 3766 dementemfuisse‚

232 3789 378 3842 deliberabo
393 3807 452 3840 oum
468 3792 567 3854 αυιίοἰε,
582 3790 729 3842 deliberabo
746 3808 803 3841 cum
816 3792 975 3861 propinquis,
988 3788 1130 3839 deliberabo
1142 3805 1200 3839 cnm
1211 3801 1258 3840 tua

230 3886 321 3928 matre.
336 3875 387 3926 Me
397 3873 534 3926 miserunt!
545 3891 626 3945 qnam
638 3893 706 3945 pene
718 3873 846 3946 pronubi?
856 3895 869 3922 a
880 3873 985 3937 Anime,
996 3871 1076 3924 dura!
1092 3871 1150 3924 beri
1165 3872 1258 3924 fortior
1313 3891 1316 3900 ⁴

230 3977 298 4022 eras,
309 3979 322 4006 »
330 3971 354 4010 et
362 3959 473 4010 multum
481 3958 576 4023 liabeo,
585 3959 657 4030 quod
665 3959 810 4026 deliberari,
818 3961 912 4012 diversi
920 3976 960 4010 me
969 3957 1079 4027 afferma
1086 3957 1257 4029 distringunt,

160 4063 164 4071 ’
230 4049 296 4094 inter
308 4061 381 4096 rcum
394 4055 418 4096 et
428 4056 529 4115 patrem
544 4043 684 4098 distrahor.

204 4185 272 4247 Dno
289 4183 376 4246 Jnnii
393 4183 535 4250 Gallione
554 4183 708 4254 erhetores
726 4185 861 4263 luerunt,
882 4198 971 4269 pater
990 4197 1021 4249 ct
1041 4184 1129 4247 filius.
1154 4183 1257 4247 Gallio
