3212 5326
631 489 634 496 ’
664 475 730 546 129

143 641 160 674 ι
173 608 541 676 Ciceronimiaeverbia
551 608 807 674 (latonisducere
826 609 950 670 ridant
958 630 971 670 e
981 609 1099 672 etenim
1119 610 1255 674 studium

141 713 304 779 literarum
328 732 390 774 non
414 723 538 794 poterat
561 710 757 792 exprobrare
778 708 876 786 Cato,
900 711 953 792 qui
972 711 1038 790 ipse
1060 729 1166 774 earum
1187 725 1258 774 erat

27 849 30 858 ·
141 815 383 888 amantissimus,
401 815 514 894 quique
533 814 662 894 insuper
678 812 778 874 Ennio
797 811 995 874 familiariter
1016 813 1173 888 utebatur,
1193 813 1257 876 imo

143 920 209 1001 ipse
223 919 293 980 eiam
306 936 346 977 ex
360 914 506 978 Sardinia
520 915 702 976 deduxerat.
727 913 806 976 lllud
819 925 942 974 tantum
956 914 1142 996 probrosum
1155 912 1259 976 existi·

147 1019 244 1080 mavit
258 1016 356 1088 Cato,
372 1017 454 1096 quod
467 1016 605 1078 Ennium
620 1019 653 1072 in
664 1019 860 1102 provabciarn
874 1015 1007 1076 duxerat
1020 1015 1143 1089 consul,
1165 1026 1197 1075 et
1216 1015 1261 1074 ita

143 1113 253 1178 studiis
262 1112 323 1176 suis
333 1125 408 1174 tuuc
418 1111 513 1174 etiam
522 1109 688 1174 indulsisse
697 1107 874 1186 videbatur,
885 1131 955 1174 enm
962 1109 1083 1172 bellicae
1092 1109 1261 1192 disciplina

147 1211 301 1294 rebusque
311 1209 524 1276 severioribus
533 1230 662 1292 operam
673 1210 767 1270 unice
779 1227 897 1272 navare
908 1207 1075 1270 debuisset.
1090 1203 1120 1295 a]

189 1313 300 1381 Cicero
320 1313 369 1374 De
386 1325 465 1376 orat.
484 1310 528 1386 11,
549 1312 608 1374 63:
627 1310 769 1374 Alterum
791 1299 889 1388 genua
905 1323 964 1382 est,
980 1309 1062 1398 quod
1079 1308 1177 1372 habet
1194 1327 1264 1390 par·

149 1431 223 1474 vam
237 1405 327 1474 verbi
340 1403 607 1486 immutationem,
623 1409 704 1490 quod
719 1403 752 1468 in
765 1405 859 1470 litera
881 1407 1013 1488 positum
1024 1403 1128 1468 Graeci
1152 1416 1266 1466 vocant
1293 1409 1334 1486 27

143 1523 336 1594 eupolemum,
351 1522 386 1572 ut
396 1509 589 1572 Nobiliorem
605 1507 802 1570 mobiliorem
816 1503 907 1572 Cato.

181 1646 345 1730 anhelitum]
360 1646 496 1700 leviorem.

180 1775 276 1834 ¹Duas
294 1773 455 1834 orationes
475 1785 587 1834 eontra
603 1775 645 1833 Μ.
662 1772 808 1834 Fulvium
822 1792 841 1833 a
855 1772 977 1851 Caene
997 1773 1122 1836 habitas
1135 1771 1204 1832 veri
1225 1770 1264 1830 si·

144 1871 221 1932 mile
234 1885 293 1942 est,
310 1885 417 1938 unam,
441 1887 508 1950 quae
525 1885 610 1929 nune
623 1869 788 1950 proposita
801 1883 861 1941 est,
877 1869 911 1929 iu
925 1863 1182 1950 qua'largitiones
1196 1867 1265 1948 ejus

151 1967 269 2050 nimias
283 1965 431 2042 incessit3
449 1965 593 2036 alteram,
609 1963 643 2025 in
658 1985 719 2046 qua
731 1965 836 2027 Fulvii
850 1985 1014 2028 censuram
1027 1985 1111 2028 anno
1123 1966 1184 2028 tlt
1197 1985 1265 2048 per·

143 2067 294 2142 strinxit,
316 2067 351 2130 ut
363 2065 510 2127 euFesto
525 2083 551 2124 s.
564 2081 599 2125 r.
610 2061 789 2126 iletrr'cr'bus
802 2078 911 2149 aperte
931 2067 1100 2146 colligitur.
1126 2068 1266 2130 Distinxi

144 2168 246 2248 igitur
267 2166 444 2248 fragmenta
468 2165 629 2247 utriusque
651 2167 823 2242 orationis,
848 2185 915 2250 qnae
936 2189 955 2230 a
975 2167 1094 2252 Popma
1114 2183 1148 2231 et
1167 2170 1266 2234 Lione

146 2263 366 2344 conglutinata
379 2275 463 2325 sunt.
477 2262 634 2329 Weberns
646 2263 811 2326 adnotavit
823 2283 894 2346 pag.
909 2261 950 2328 25
964 2286 972 2326 r
987 2291 1002 2322 α
1016 2267 1060 2328 Μ.
1073 2266 1182 2329 Fulvio
1193 2285 1267 2328 con-

144 2363 210 2422 suli
225 2379 254 2422 a.
266 2363 307 2430 U.
322 2361 384 2424 564
401 2361 537 2440 legatum
551 2379 586 2423 se
599 2361 728 2424 missum
742 2362 777 2424 in
793 2363 938 2425 AEtoliam
953 2377 1121 2446 propterea
1133 2365 1214 2445 quod
1227 2385 1266 2426 ex

145 2459 262 2524 AEtolia
275 2461 451 2544 complures
466 2476 635 2537 venerant,
654 2463 771 2525 AEtolos
789 2482 899 2545 pacem
914 2464 1008 2537 velle,
1024 2466 1063 2526 de
1081 2484 1119 2529 ea
1140 2485 1176 2528 re
1195 2485 1266 2528 ora·

153 2575 243 2624 tores
252 2563 383 2626 Romam
393 2561 563 2644 proiectos,
575 2563 657 2646 apud
669 2561 795 2625 Festum
803 2563 881 2625 dicit
887 2563 921 2626 in
929 2563 1102 2642 fragmento
1113 2566 1268 2628 orationis

146 2659 198 2721 De
214 2657 277 2720 suis
291 2655 476 2722 uirtutibus.
492 2657 589 2738 Cujus
603 2657 652 2719 rei
665 2657 693 2718 si
705 2659 881 2739 scriptores
889 2657 973 2722 illins
988 2657 1063 2720 belli
1075 2647 1278 2724 mentionem¹

141 2769 216 2816 'non
228 2753 358 2830 faciunt,
375 2753 573 2823 factumest,
596 2751 677 2832 quod
693 2751 824 2813 Catonis
844 2753 899 2814 illo
919 2765 1060 2834 tempore
1079 2767 1186 2836 partes
1202 2775 1266 2816 non

147 2853 230 2912 adeo
245 2869 365 2928 magnae
379 2850 526 2911 videntur
539 2847 643 2908 luisse.
660 2844 809 2908 Ceterum
822 2865 860 2908 ea
875 2848 1043 2910 occasione
1052 2850 1185 2912 sortasse
1197 2871 1268 2912 usus

147 2960 209 3024 est,
226 2929 415 3009 nt'Fulvium
434 2947 473 3007 de
493 2945 542 3006 rei
563 2943 708 3025 gerendae
721 2945 846 3007 ratione
869 2947 909 3006 ad
936 2959 1079 3008 senatum
1093 2949 1264 3012 incusaret.

147 3044 250 3124 Cujus
259 3039 413 3105 orationis
424 3041 585 3129 nonnullae
596 3053 707 3104 extant
717 3043 890 3124 particule»
904 3071 964 3100 a·-
972 3045 1083 3119 Reete,
1096 3049 1150 3109 sed
1161 3047 1268 3110 distin·

149 3143 276 3230 gnenda
286 3130 369 3216 sunt,
380 3139 417 3202 m
430 3139 506 3214 dixi,
519 3134 650 3202 dirarum
660 3141 694 3202 in
706 3139 849 3202 Fulvium
861 3143 1019 3204 actionum
1031 3143 1216 3225 fragmenta.

458 3323 510 3384 13.
531 3341 643 3384 ontrio
662 3343 702 3383 ue
727 3341 967 3386 contutatione.

195 3485 287 3548 lianc
301 3484 342 3546 ad
356 3502 474 3556 aunum
493 3484 551 3546 set
569 3479 688 3555 relero,
706 3501 777 3544 cum
798 3484 835 3544 de
856 3483 1058 3568 clandestinis
1079 3487 1270 3570 conjuratio·

153 3585 248 3649 nibus
262 3595 471 3665 quaereretur.
496 3579 659 3646 Coitiones
676 3582 763 3646 enim
780 3581 868 3660 laedae
888 3597 922 3651 et
941 3584 1078 3650 incestus
1099 3587 1270 3670 turpissimi

151 3685 316 3763 utriusque
339 3702 431 3773 sexus
456 3683 633 3758 bominum,
656 3702 796 3758 venena,
821 3682 1038 3765 intestinaeque
1061 3689 1175 3764 cedes,
1203 3710 1270 3771 qnae

152 3784 273 3852 erebra
294 3783 329 3850 iu
352 3783 482 3848 occdtis
506 3783 731 3864 nocturnisque
754 3783 997 3868 Bacchanalium
1020 3787 1118 3849 sacris
1140 3787 1268 3868 fiebant,

154 3881 294 3964 primum
303 3883 422 3958 Rome,
434 3881 549 3946 deinde
562 3880 678 3964 passim
691 3901 751 3964 per
765 3881 901 3959 ltaliam,
915 3902 988 3946 casu
1002 3885 1124 3948 detecta
1131 3884 1267 3952 buerant.

155 3981 241 4044 Falsi
255 3993 364 4059 testes,
381 3981 459 4045 falsa
473 3979 562 4064 signa
578 3993 826 4064 testamentaque
845 3997 877 4046 et
895 3981 1014 4046 indicia
1028 4003 1066 4046 ex
1080 3989 1189 4052 eadem
1204 3985 1270 4052 osli·

154 4078 231 4143 eina
245 4079 386 4142 exibant.
409 4079 507 4142 Multa
527 4079 609 4154 dolo,
629 4081 777 4162 pleraque
791 4080 923 4164 pervim
937 4083 1140 4149 audebantur.
1158 4087 1271 4171 Conju·

154 4197 247 4240 rasse
271 4197 365 4262 supra
389 4187 509 4263 septem
532 4177 633 4244 millia
657 4180 797 4244 virorum
819 4201 857 4245 ae
883 4183 1048 4248 mulierum
1071 4186 1267 4254 dicebantur.

154 4276 402 4360 Liviuseopiose
415 4299 484 4340 rem
498 4278 626 4359 exponit
640 4279 785 4356 xxxix,
800 4280 889 4342 8-18.

1087 4399 1117 4451 l'l
