3218 5320
670 463 738 536 367

150 596 330 666 intercidat.
354 603 432 662 Nam
453 599 480 662 si
503 603 656 664 rationem
676 601 868 686 posteritatis
886 601 1012 679 babeas,
1028 603 1175 687 quidquid
1190 627 1253 669 non

151 714 197 762 est
206 713 377 782 peractum,
389 719 448 782 pro
463 717 528 762 non
535 700 682 762 inchoato
692 712 748 762 est.
767 701 881 763 Dices:
895 701 985 762 Potes
998 703 1088 762 simul
1099 703 1256 767 etrescri·

150 803 228 862 bere
247 800 386 861 actiones
405 812 437 860 et
456 819 644 881 componere
657 799 830 862 historiam.
855 799 1002 866 Utinam!
1025 801 1080 862 scd
1093 814 1255 885 utrumqne

142 911 216 961 *tarn
230 915 375 976 magnum
389 908 446 972 est,
461 908 496 957 ut
510 898 635 960 abunde
648 900 689 958 sit
700 899 837 958 'alterum
850 896 986 960 efficere.
1011 898 1254 965 Undericesimo

151 993 250 1059 aetatis
263 1016 347 1059 anno
362 997 468 1060 dicere
482 998 516 1060 in
529 997 596 1060 loro
610 998 701 1080 coepi‚
720 1008 753 1060 et
767 1017 851 1061 nunc
866 998 1002 1072 demum,
1020 999 1095 1078 quid
1109 1009 1257 1084 praestare
1284 1008 1355 1081 249

152 1097 262 1159 debeat
275 1111 395 1172 orator,
409 1100 509 1162 adbuc
523 1111 626 1160 tamen
638 1118 697 1180 per
711 1097 878 1177 caliginem
891 1099 994 1162 video.

195 1196 245 1255 Id.
262 1197 290 1268 l,
308 1193 360 1270 18,
379 1193 411 1256 3.
433 1195 634 1278 Susceperam
662 1217 793 1258 causam
818 1195 897 1255 Julii
911 1195 1067 1270 Pastoris,
1092 1215 1164 1258 cum
1184 1191 1261 1256 milti

154 1289 326 1374 quiescenti
338 1293 405 1354 visa
419 1305 467 1357 est
481 1314 589 1357 socrus
603 1313 673 1356 mea
683 1294 829 1356 advoluta
837 1292 981 1374 genibus,
999 1313 1039 1355 ne
1053 1311 1190 1372 agerem,
1207 1293 1260 1354 ob·

154 1410 293 1454 secrare.
308 1393 349 1452 Et
359 1411 447 1454 eram
459 1404 586 1454 acturus
596 1393 698 1454 adhuc
712 1391 969 1462 adolescentulus.
987 1409 1074 1454 emm
1083 1387 1118 1452 in
1127 1393 1261 1471 quadru-

153 1487 230 1573 plici
241 1487 379 1571 judicio;
401 1511 488 1553 eram
502 1505 617 1559 contra
634 1487 865 1573 potentissimos
878 1489 1026 1562 ciuitatis,
1053 1503 1147 1571 atique
1164 1487 1260 1552 etiam

154 1589 286 1656 casaris
300 1589 437 1666 amicos3
458 1609 526 1672 quae
547 1589 668 1668 singula
689 1603 836 1652 excutere
859 1601 997 1652 mentem
1010 1585 1091 1651 mihi
1109 1603 1178 1671 post
1196 1602 1260 1650 tmn

155 1689 243 1750 triste
257 1685 411 1750 somnium
422 1701 579 1770 poterant.
590 1689 649 1766 Egi
661 1701 807 1750 tamen...
822 1689 976 1768 Prospere
991 1686 1093 1748 cessit.

197 1789 245 1850 ld.
259 1789 314 1858 vt,
331 1788 383 1862 12,
397 1789 434 1850 2:
447 1788 561 1852 Vectio
570 1787 700 1861 Prisco,
711 1799 860 1869 quanmm
870 1787 1038 1868 plurimum
1047 1787 1169 1868 potero,
1181 1804 1260 1868 prte-

156 1885 244 1946 stabo
259 1887 432 1967 praesertim
448 1885 482 1946 in
505 1905 603 1946 arena
617 1875 699 1956 mea,
715 1885 775 1948 hoc
789 1897 837 1946 est
850 1885 933 1964 apud
949 1885 1173 1944 centumviros.

199 1984 248 2043 ld.
261 1984 316 2056 Vl,
333 1985 384 2056 18,
398 1984 412 2044 1
430 2005 439 2044 t
456 1985 558 2062 Rogas
571 1995 606 2044 ut
618 2001 708 2061 agam
718 1983 943 2042 Finnanoram
952 1980 1109 2062 publicam
1123 1999 1259 2048 cansam,

156 2081 237 2160 quod
248 2099 318 2159 ego,
338 2101 523 2162 quamquam
531 2079 673 2162 plurimis
686 2075 940 2162 occupationibus
949 2078 1108 2152 distentus,
1122 2078 1258 2138 adnitar.

156 2178 255 2264 Cupio
275 2185 359 2246 enim
372 2195 404 2246 et
415 2179 647 2244 ornatissimam
661 2181 817 2244 coloniam
830 2175 1045 2244 advocationis
1067 2178 1169 2242 officio
1183 2191 1216 2242 et
1230 2191 1262 2241 te

156 2279 333 2358 gratissimo
348 2279 405 2343 tibi
419 2301 549 2343 munere
562 2281 774 2360 obstringere.

199 2379 245 2440 ld.
266 2381 341 2451 Vll,
360 2380 412 2455 33,
429 2381 447 2442 5
463 2400 471 2440 =
487 2381 625 2442 Dederat
635 2399 685 2440 me
695 2390 821 2441 senatus
835 2397 905 2440 cum
919 2375 1081 2440 Herennio
1092 2377 1263 2442 Senecione
1344 2381 1347 2391 ’

157 2475 339 2538 advocatum
353 2475 521 2558 provinciae
536 2475 658 2538 Baeticae
679 2491 786 2537 contra
802 2463 945 2534 baetim
960 2471 1117 2550 Massam,
1135 2475 1260 2538 damna·

158 2585 250 2656 toque
264 2575 367 2638 Massa
382 2589 560 2651 censuerat,
579 2587 615 2636 ut
628 2575 712 2637 bona
722 2575 789 2656 ejus
798 2573 922 2654 publice
933 2575 1175 2638 custodirentur.

195 2737 310 2788 Baebium
327 2738 476 2802 Massam]
496 2734 649 2787 Herennius
667 2735 792 2796 Senecio,
810 2735 858 2803 qui
874 2753 928 2786 nna
945 2753 1007 2788 cum
1023 2737 1114 2789 Plinio
1133 2737 1267 2790 accusavit

231 2821 349 2874 Btcbiusn
369 2823 493 2884 Massam,
513 2819 692 2872 aDomitinno
710 2819 834 2870 sublatus
850 2831 892 2872 est
911 2839 935 2872 a.
954 2823 988 2872 U.
1015 2821 1076 2874 846.
1091 2823 1123 2874 ln
1144 2823 1267 2893 Agricola

233 2904 318 2956 Taciti
327 2923 385 2976 cap.
397 2903 430 2956 15
445 2901 569 2974 legimns,
582 2901 732 2973 Agricolam
744 2900 843 2954 vidisse
854 2898 909 2972 jam
923 2919 998 2954 reum
1009 2905 1123 2956 Massam
1133 2903 1265 2960 bebium:

231 2990 256 3044 is
273 3002 361 3044 autem
373 3002 496 3061 mortuus
511 3002 553 3042 est
563 3009 587 3043 a.
602 2991 636 3043 tJ.
651 2989 712 3054 845,
726 3009 754 3061 p.
768 2988 830 3040 Chr.
854 2990 899 3041 93.
918 2989 1013 3042 Causae
1025 2990 1108 3062 igitur
1116 2990 1164 3042 illa
1176 2992 1268 3044 eodem

234 3093 304 3126 anno
321 3085 378 3126 acta
390 3073 501 3136 ridetur,
517 3084 549 3125 ut
561 3075 685 3125 Massono
694 3071 722 3124 in
736 3071 800 3126 Vita
811 3069 893 3124 Plinii
905 3091 932 3144 p.
947 3072 980 3124 59
992 3073 1103 3143 placuit.

206 3213 252 3272 ld.
268 3211 329 3285 111,
347 3208 388 3270 t:
402 3209 511 3289 iegati
525 3205 698 3291 provincias
717 3205 840 3272 Bteticoe
854 3209 993 3290 questuri
1007 3209 1269 3288 deprocoasaiata

167 3311 290 3372 Caecilii
307 3309 441 3370 Classici
453 3310 637 3372 advocatum
647 3330 698 3375 me
712 3330 731 3372 a
745 3322 854 3375 senatu
865 3310 1034 3392 petiemnt.

202 3462 303 3518 Catii
312 3461 437 3531 Classici]
458 3463 529 3516 Plin.
539 3465 618 3536 epist.
630 3465 646 3516 9
660 3461 779 3534 ejusdem
793 3461 857 3516 libri
874 3484 881 3514 s
899 3461 1019 3517 Coctitits
1033 3463 1181 3526 Classicus,
1196 3463 1269 3520 lonso

232 3547 319 3604 lltdus
331 3551 358 3600 ei
374 3553 466 3618 aperie
479 3547 574 3612 maltis,
591 3546 800 3619 proconsulatum
814 3543 840 3598 t'n
854 3545 988 3617 provincia
1008 3545 1109 3598 Boeit'ca
1122 3566 1172 3598 non
1183 3545 1271 3601 osthus

235 3631 359 3683 violeuter
369 3646 448 3700 quam
460 3629 562 3684 sot-duic
571 3635 689 3702 gesserat
700 3629 787 3682 codem
799 3649 867 3682 auno
878 3646 930 3700 quo
945 3633 971 3682 t'n
984 3628 1079 3697 Africa
1087 3629 1269 3684 MariasPria

236 3733 305 3767 scus.
320 3717 388 3768 Erat
399 3727 483 3787 amera
496 3713 600 3768 Priscus
609 3733 642 3766 eu
654 3713 767 3774 Bait'ea,
779 3733 813 3766 es
825 3713 924 3784 Afrt'ca
933 3711 1184 3768 casibus-dliii
1192 3707 1272 3768 causa

237 3811 294 3850 acta
309 3789 351 3850 est
362 3816 386 3853 n.
400 3800 435 3850 U.
449 3799 512 3850 851.
522 3797 596 3868 (vti.
610 3799 726 3850 Messon.
737 3795 791 3850 Vit.
803 3796 875 3850 Plin.
887 3815 916 3868 p.
930 3796 987 3864 91.)

208 3941 255 4002 ld.
273 3943 314 4017 11,
333 3942 367 4003 11
384 3965 393 4002 t
409 3942 467 4022 Egi
483 3961 553 4004 cum
567 3940 715 4005 Cornelio
730 3941 839 4004 Tacito
854 3961 981 4002 causam
995 3941 1153 4021 Afrorum
1167 3919 1271 4003 contra

169 4039 311 4099 Mariam
320 4039 480 4110 Priscam,
496 4040 726 4121 proconsulem.

204 4209 228 4242 a.
241 4189 358 4242 Mor-istm
369 4189 507 4258 Priscum]
527 4203 584 4244 acta
596 4202 638 4244 est
650 4207 729 4242 eausa
741 4208 756 4241 a
769 4188 857 4256 Plinio
876 4206 900 4239 a.
916 4189 949 4240 U.
967 4187 1029 4253 cst,
1044 4190 1104 4243 oum
1117 4189 1271 4262 designatus
1287 4270 1289 4277 .

240 4288 297 4328 eret
308 4277 412 4330 consul.
