3212 5326
671 411 736 482 115

195 549 264 622 Οἱς.
282 551 371 610 Brut.
393 568 422 609 c.
448 547 500 622 20,
522 547 581 612 80:
604 545 682 607 Cato
697 543 941 632 annos'qninqne
955 563 986 607 et
1002 553 1154 630 octoginta
1168 557 1257 610 natus

153 652 316 710 excessite
327 650 405 716 vito,
416 667 486 706 cum
497 646 619 730 quidem
630 665 667 706 eo
677 649 746 724 ipso
759 665 841 705 anno
855 659 962 705 contra
974 645 1109 708 Servum
1123 647 1256 708 Galbam

153 745 197 804 ad
209 743 354 822 populum
366 763 488 802 summo
502 745 692 801 contentione
703 742 842 802 dixisset.
860 741 951 825 Quod
965 761 1071 814 rursus
1090 746 1125 806 iu
1141 753 1257 808 sinuum

156 843 218 906 604
234 842 394 906 convenit..

197 942 275 1006 Ceto
295 943 372 1004 dicit
385 942 419 1003 in
434 938 503 1004 Cic.
520 939 591 1004 Cat.
608 960 637 1002 c.
654 939 714 1004 10:
735 941 885 1022 (istoriam
904 962 1018 1000 omium
1029 962 1088 1022 ogo
1098 957 1129 1000 et
1141 957 1258 1023 octoge.

153 1045 279 1100 simum.
293 1041 342 1102 Ad
352 1039 436 1100 huuc
448 1040 550 1101 locum
562 1038 642 1100 alter
653 1058 693 1100 ex
706 1035 802 1100 Loelio
813 1058 842 1099 c.
858 1038 876 1099 3
892 1050 940 1100 est
953 1038 1154 1102 referendus:
1168 1039 1260 1101 Sene-

154 1154 219 1198 ctus
232 1143 326 1208 enim,
338 1144 476 1223 quamvis
490 1141 602 1198 nonsit
617 1142 732 1216 gravis,
746 1152 778 1196 ut
792 1141 924 1197 memini
938 1137 1086 1198 Catonem
1097 1159 1177 1198 anno
1190 1154 1261 1200 ante

151 1261 243 1322 quom
259 1253 392 1298 mortuus
406 1253 463 1309 est,
476 1259 597 1299 mecum
611 1253 642 1298 et
655 1258 725 1296 cion
745 1238 891 1316 Scipione
905 1239 1068 1308 disserere,
1093 1253 1197 1298 tarnen
1210 1261 1261 1300 au-

142 1341 214 1418 fert
223 1361 294 1400 eam
311 1339 510 1410 viriditatem,
532 1361 564 1398 m
578 1359 638 1424 qna
652 1343 823 1400 etiamnum
835 1353 904 1398 erat
913 1338 1032 1418 Scipio.
1046 1336 1213 1419 Colligitur
1222 1361 1262 1402 ex

152 1441 215 1502 hoc
252 1459 371 1521 quoque
390 1440 478 1518 loco,
504 1452 661 1503 mortuum
684 1459 751 1502 esse
774 1439 924 1503 Catonem
945 1459 1044 1503 anuos
1071 1439 1206 1523 quinque
1229 1453 1263 1504 et

152 1538 311 1618 octogiuta
324 1551 444 1600 natum.

196 1637 250 1700 Sic
264 1636 376 1699 Cicero
398 1636 515 1718 ubique
528 1653 633 1700 seeum
653 1637 819 1700 consentit.
843 1638 1020 1701 Assentitur
1035 1637 1155 1700 Plinius
1178 1637 1258 1700 nist.

151 1737 222 1796 Nat.
239 1734 354 1810 XXIX,
380 1736 394 1796 l
415 1757 424 1796 s
450 1736 508 1794 Hic
535 1734 609 1795 Cato
627 1754 687 1798 ncv
705 1729 783 1820 [604
798 1737 919 1799 Festos.
946 1730 1043 1823 Cup]
1069 1755 1151 1795 anno
1167 1734 1261 1796 Urbis

151 1831 242 1901 obiit,
258 1851 359 1894 mxv
373 1851 437 1892 suo.

193 1928 315 1992 Contra
330 1925 438 1990 livius
451 1929 486 1992 in
501 1924 756 2012 prestantissimo
768 1929 869 2007 elogio
882 1928 1011 1992 Catonis
1024 1927 1169 2005 XXXIX,
1191 1927 1233 1991 40
1249 1950 1258 1989 ε

148 2030 271 2108 Asperi
279 2029 391 2108 procul
402 2028 493 2088 dubio
503 2033 615 2099 animi,
626 2044 656 2088 et
666 2029 780 2109 linguae
790 2028 911 2090 acerbos
926 2044 955 2089 et
971 2031 1137 2090 immodice
1148 2028 1259 2090 liberas

146 2127 222 2203 ficit,
243 2127 300 2186 sed
311 2131 415 2190 invicti
428 2149 449 2186 a
467 2125 679 2204 cupiditatibus
694 2130 793 2186 animi
809 2139 841 2186 et
857 2127 966 2206 rigidos
987 2129 1178 2199 innocentior,
1192 2145 1261 2186 con·

150 2239 284 2303 temptor
293 2230 418 2308 gratiae,
435 2227 621 2287 divitiarum.
640 2225 681 2288 In
696 2229 900 2303 parcimonie,
923 2230 955 2284 in
967 2229 1118 2304 patientia
1137 2223 1263 2294 laboris,

148 2323 292 2400 periculi,
302 2323 408 2403 ferrei
420 2343 519 2401 prope
532 2326 670 2400 corporis
680 2326 861 2408 animique,-
876 2342 968 2407 quem
987 2343 1027 2382 ne
1045 2336 1182 2384 senectus
1196 2325 1262 2406 qui·

151 2423 222 2482 dem
240 2445 309 2508 quoe
323 2423 407 2486 solvit
425 2428 533 2484 omnia
544 2424 694 2504 fregerit,
714 2429 769 2509 qui
788 2439 910 2484 sextum
925 2439 955 2484 et
968 2427 1191 2504 octogesimo
1209 2443 1262 2482 an·

150 2544 223 2582 mem
236 2543 328 2603 agens
351 2543 476 2586 cainam
492 2526 619 2594 dixerit,
640 2529 707 2604 ipse
722 2546 783 2603 pro
808 2545 843 2584 se
864 2529 1000 2588 ororerit
1023 2528 1262 2606 scripseritque.-

151 2625 349 2701 nonagesimo
359 2643 439 2682 anno
449 2621 591 2686 Serrium
606 2620 740 2682 Galbam
753 2623 796 2680 ad
804 2623 912 2700 popuii
920 2623 1085 2682 adduxerit
1093 2618 1258 2703 judicium.

151 2718 306 2780 -Galba
320 2737 339 2778 a
352 2717 472 2780 Catone
485 2731 649 2780 accusatus
673 2735 756 2778 anno
779 2717 876 2784 Urbis
901 2718 962 2782 604
983 2739 991 2778 2
1016 2717 1043 2778 si
1062 2717 1100 2779 c'o
1122 2729 1262 2800 tempore

153 2817 290 2897 quinque
301 2828 334 2880 et
347 2815 508 2895 octoginta
522 2835 621 2878 annos
636 2826 730 2876 natus
744 2825 824 2887 crat,
841 2828 875 2874 ut
889 2814 1001 2878 Cicero
1016 2813 1161 2887 affirmat,
1177 2833 1261 2876 auno

153 2917 215 2979 519
230 2917 332 2976 lucem
346 2915 418 2976 vitoe
431 2916 566 2996 primum
585 2912 687 2974 vidit:
705 2913 754 2974 sin
771 2925 875 2974 autem
898 2914 1069 2992 nonaginta
1095 2933 1206 2988 anuos,
1229 2925 1263 2976 ut

152 3013 257 3074 Livius
271 3009 360 3085 dicit,
376 3031 459 3074 anno
475 3011 549 3076 514.
563 3009 668 3074 Livius
683 3031 760 3090 ergo
771 3010 924 3074 Catonem
941 3009 1154 3092 quinquennio
1166 3009 1262 3092 majo·

151 3134 220 3176 rem
235 3133 301 3176 esse
315 3125 414 3194 putat.
432 3113 509 3176 Cum
520 3133 617 3195 porro
630 3112 718 3186 dicit,
732 3125 853 3174 sextum
868 3127 901 3176 et
911 3110 1135 3194 octogesimum
1146 3131 1263 3174 annum

152 3229 295 3295 agentem
304 3233 427 3277 causam
439 3213 553 3276 dixisse
567 3213 730 3290 Catonem,
746 3217 816 3276 veri
830 3212 931 3277 simile
941 3227 999 3290 est,
1013 3213 1186 3278 orationem
1198 3211 1266 3297 ejus

152 3335 210 3397 pro
225 3336 258 3378 se
274 3301 386 3378 contra
402 3311 437 3373 C.
461 3313 611 3389 Cassium,
640 3335 731 3396 quarn
745 3329 897 3378 memorat
914 3319 952 3378 A.
976 3316 1106 3392 Gellius,
1130 3316 1170 3377 nd
1184 3318 1266 3378 hauc

151 3415 238 3477 litem
252 3430 405 3498 spectare.
422 3416 460 3480 C.
478 3417 602 3480 Cassius
616 3415 774 3496 Longinus
787 3437 899 3480 censor
916 3431 985 3480 erat
999 3418 1076 3479 anni
1091 3419 1172 3489 599,
1195 3437 1265 3480 eum
1295 3399 1337 3474 13

151 3516 230 3577 Cato
250 3518 418 3578 secundum
435 3514 621 3580 Ciceronem
644 3518 800 3596 octoginta
816 3537 915 3580 annos
930 3531 1022 3580 natus
1044 3531 1132 3590 erat,
1153 3535 1264 3579 secun·

152 3614 225 3674 dum
238 3615 359 3676 Livium
385 3635 502 3676 aunum
521 3617 662 3697 quintum
684 3628 717 3678 et
742 3616 960 3695 octogesimum
977 3616 1043 3696 jam
1072 3615 1261 3676 absolverat.

194 3712 239 3772 Ex
262 3712 431 3775 Plutarcho
453 3709 488 3773 in
509 3715 582 3775 Vita
606 3712 734 3776 Catonis
759 3713 857 3774 multa
879 3709 1052 3792 colligimus
1071 3711 1261 3785 testimonia,

153 3825 220 3887 quae
240 3827 393 3872 annorum
416 3808 571 3872 rationem
596 3819 743 3872 accurate
768 3808 931 3870 definiunt.
958 3808 1036 3890 Cep.
1063 3807 1106 3868 1:
1131 3817 1191 3875 Φησὶ
1211 3819 1260 3892 γὰρ

155 3903 237 3966 αὐτὸς,
257 3901 427 3956 insaniisse
441 3905 547 3976 γιγονὼς
565 3905 606 3960 ἔτη
619 3904 662 3960 τὴν
680 3903 778 3991 irps-'irps
793 3906 982 3975 aspersionibus
999 3903 1143 3975 στρατείαν,
1165 3901 1222 3974 περὶ
1240 3905 1264 3955 ὃν

154 4017 261 4080 Ἀννίβας
282 4019 365 4090 χρόνον
383 4020 488 4085 εὐτυχῶν
510 4020 630 4090 ἐπέφλεγε
650 4018 692 4074 τὴν
707 4017 824 4071 Ἰταλίαν.
845 4005 1063 4088 septendecim
1084 4023 1182 4066 annos
1195 4016 1265 4066 erat

153 4124 245 4174 natus
256 4133 339 4178 auno
354 4114 428 4189 536,
446 4135 507 4196 quo
522 4135 605 4178 anno
620 4115 659 4176 ad
677 4115 781 4178 lacum
796 4115 1030 4178 Thrnsimennrn
1045 4128 1143 4180 totum
1153 4117 1264 4177 Roma·

154 4233 266 4275 norum
281 4217 452 4278 exercitum
466 4213 643 4299 profligavit
658 4216 827 4280 Hannibal.
