<?xml version="1.0" encoding="UTF-8"?>
<!DOCTYPE html PUBLIC "-//W3C//DTD XHTML 1.0 Transitional//EN"
    "http://www.w3.org/TR/xhtml1/DTD/xhtml1-transitional.dtd">
<html xmlns="http://www.w3.org/1999/xhtml" xml:lang="en" lang="en">
 <head>
  <title>
</title>
<meta http-equiv="Content-Type" content="text/html;charset=utf-8" />
  <meta name='ocr-system' content='tesseract 3.04.00' />
  <meta name='ocr-capabilities' content='ocr_page ocr_carea ocr_par ocr_line ocrx_word'/>
</head>
<body>
  <div class='ocr_page' id='page_1' title='image "./oratorumromanor01meyegoog_0019.png"; bbox 0 0 3288 5344; ppageno 0'>
   <div class='ocr_carea' id='block_1_1' title="bbox 883 469 906 514">
    <p class='ocr_par' dir='ltr' id='par_1_1' title="bbox 883 469 906 514">
     <span class='ocr_line' id='line_1_1' title="bbox 883 469 906 514; baseline 0 0"><span class='ocrx_word' id='word_1_1' title='bbox 883 469 906 514; x_wconf 85' lang='lat' dir='ltr'>X</span> 
     </span>
    </p>
   </div>
   <div class='ocr_carea' id='block_1_2' title="bbox 327 580 1450 1559">
    <p class='ocr_par' dir='ltr' id='par_1_2' title="bbox 327 580 1450 1559">
     <span class='ocr_line' id='line_1_2' title="bbox 392 580 1450 681; baseline 0.006 -29"><span class='ocrx_word' id='word_1_2' title='bbox 392 582 480 654; x_wconf 83' lang='lat' dir='ltr'><strong>Fere</strong></span> <span class='ocrx_word' id='word_1_3' title='bbox 500 583 666 678; x_wconf 77' lang='lat' dir='ltr'><strong>perfectae</strong></span> <span class='ocrx_word' id='word_1_4' title='bbox 688 580 896 678; x_wconf 68' lang='lat' dir='ltr'><strong>eloquentiae</strong></span> <span class='ocrx_word' id='word_1_5' title='bbox 921 583 1107 654; x_wconf 89' lang='lat' dir='ltr'><strong>terminum</strong></span> <span class='ocrx_word' id='word_1_6' title='bbox 1125 585 1309 654; x_wconf 85' lang='lat' dir='ltr'><strong>constituit</strong></span> <span class='ocrx_word' id='word_1_7' title='bbox 1328 585 1450 681; x_wconf 80' lang='lat' dir='ltr'><strong>Augu-</strong></span> 
     </span>
     <span class='ocr_line' id='line_1_3' title="bbox 343 707 1446 804; baseline 0.002 -26"><span class='ocrx_word' id='word_1_8' title='bbox 343 709 388 778; x_wconf 88' lang='lat' dir='ltr'><strong>sti</strong></span> <span class='ocrx_word' id='word_1_9' title='bbox 407 709 600 803; x_wconf 88' lang='lat' dir='ltr'><strong>imperium.</strong></span> <span class='ocrx_word' id='word_1_10' title='bbox 619 708 691 775; x_wconf 88' lang='lat' dir='ltr'><strong>Nec</strong></span> <span class='ocrx_word' id='word_1_11' title='bbox 715 722 829 776; x_wconf 85' lang='lat' dir='ltr'><strong>tamen</strong></span> <span class='ocrx_word' id='word_1_12' title='bbox 848 709 1010 801; x_wconf 82' lang='lat' dir='ltr'><strong>Augusto</strong></span> <span class='ocrx_word' id='word_1_13' title='bbox 1037 707 1103 778; x_wconf 90' lang='lat' dir='ltr'><strong>soli</strong></span> <span class='ocrx_word' id='word_1_14' title='bbox 1127 707 1264 804; x_wconf 86' lang='lat' dir='ltr'><strong>culpam</strong></span> <span class='ocrx_word' id='word_1_15' title='bbox 1288 711 1364 804; x_wconf 88' lang='lat' dir='ltr'><strong>ejus</strong></span> <span class='ocrx_word' id='word_1_16' title='bbox 1389 713 1446 782; x_wconf 83' lang='lat' dir='ltr'><strong>rei</strong></span> 
     </span>
     <span class='ocr_line' id='line_1_4' title="bbox 341 833 1443 931; baseline 0.003 -27"><span class='ocrx_word' id='word_1_17' title='bbox 341 833 549 904; x_wconf 79' lang='lat' dir='ltr'><strong>tribuamus.</strong></span> <span class='ocrx_word' id='word_1_18' title='bbox 574 833 764 927; x_wconf 88' lang='lat' dir='ltr'><strong>Pompeius</strong></span> <span class='ocrx_word' id='word_1_19' title='bbox 785 833 889 931; x_wconf 20' lang='lat' dir='ltr'><strong>enim*</strong></span> <span class='ocrx_word' id='word_1_20' title='bbox 904 848 1037 902; x_wconf 89' lang='lat' dir='ltr'><strong>mutata</strong></span> <span class='ocrx_word' id='word_1_21' title='bbox 1063 833 1172 904; x_wconf 85' lang='lat' dir='ltr'><strong>forma</strong></span> <span class='ocrx_word' id='word_1_22' title='bbox 1196 850 1232 904; x_wconf 91' lang='lat' dir='ltr'><strong>et</strong></span> <span class='ocrx_word' id='word_1_23' title='bbox 1254 852 1443 906; x_wconf 87' lang='lat' dir='ltr'><strong>consuetu-</strong></span> 
     </span>
     <span class='ocr_line' id='line_1_5' title="bbox 341 953 1445 1050; baseline 0.004 -26"><span class='ocrx_word' id='word_1_24' title='bbox 341 955 425 1024; x_wconf 87' lang='lat' dir='ltr'><strong>dine</strong></span> <span class='ocrx_word' id='word_1_25' title='bbox 437 953 813 1048; x_wconf 85' lang='lat' dir='ltr'><strong>veterumjudiciorum</strong></span> <span class='ocrx_word' id='word_1_26' title='bbox 828 953 1005 1024; x_wconf 75' lang='lat' dir='ltr'><strong>licentiam</strong></span> <span class='ocrx_word' id='word_1_27' title='bbox 1021 971 1202 1026; x_wconf 88' lang='lat' dir='ltr'><strong>oratorum</strong></span> <span class='ocrx_word' id='word_1_28' title='bbox 1205 953 1280 1050; x_wconf 83' lang='lat' dir='ltr'><strong>jam</strong></span> <span class='ocrx_word' id='word_1_29' title='bbox 1289 955 1445 1028; x_wconf 85' lang='lat' dir='ltr'><strong>refrena·</strong></span> 
     </span>
     <span class='ocr_line' id='line_1_6' title="bbox 339 1075 1441 1182; baseline 0.003 -36"><span class='ocrx_word' id='word_1_30' title='bbox 339 1091 451 1182; x_wconf 83' lang='lat' dir='ltr'><strong>verat,</strong></span> <span class='ocrx_word' id='word_1_31' title='bbox 475 1075 698 1172; x_wconf 81' lang='lat' dir='ltr'><strong>temporibus</strong></span> <span class='ocrx_word' id='word_1_32' title='bbox 720 1075 850 1146; x_wconf 84' lang='lat' dir='ltr'><strong>deinde</strong></span> <span class='ocrx_word' id='word_1_33' title='bbox 868 1075 1140 1148; x_wconf 79' lang='lat' dir='ltr'><strong>triumviralibus</strong></span> <span class='ocrx_word' id='word_1_34' title='bbox 1156 1076 1364 1174; x_wconf 87' lang='lat' dir='ltr'><strong>eloquentiae</strong></span> <span class='ocrx_word' id='word_1_35' title='bbox 1386 1103 1441 1150; x_wconf 89' lang='lat' dir='ltr'><strong>ve-</strong></span> 
     </span>
     <span class='ocr_line' id='line_1_7' title="bbox 334 1205 1441 1305; baseline 0.006 -30"><span class='ocrx_word' id='word_1_36' title='bbox 334 1205 400 1278; x_wconf 89' lang='lat' dir='ltr'><strong>luti</strong></span> <span class='ocrx_word' id='word_1_37' title='bbox 424 1207 514 1280; x_wconf 88' lang='lat' dir='ltr'><strong>freni</strong></span> <span class='ocrx_word' id='word_1_38' title='bbox 543 1207 833 1303; x_wconf 86' lang='lat' dir='ltr'><strong>imponebantur,</strong></span> <span class='ocrx_word' id='word_1_39' title='bbox 866 1225 973 1304; x_wconf 86' lang='lat' dir='ltr'><strong>atque</strong></span> <span class='ocrx_word' id='word_1_40' title='bbox 997 1209 1124 1280; x_wconf 88' lang='lat' dir='ltr'><strong>Cicero</strong></span> <span class='ocrx_word' id='word_1_41' title='bbox 1142 1209 1266 1305; x_wconf 88' lang='lat' dir='ltr'><strong>ipsein</strong></span> <span class='ocrx_word' id='word_1_42' title='bbox 1283 1225 1441 1282; x_wconf 84' lang='lat' dir='ltr'><strong>extrema·</strong></span> 
     </span>
     <span class='ocr_line' id='line_1_8' title="bbox 334 1334 1438 1432; baseline 0.001 -24"><span class='ocrx_word' id='word_1_43' title='bbox 334 1351 454 1422; x_wconf 82' lang='lat' dir='ltr'><strong>aetate,</strong></span> <span class='ocrx_word' id='word_1_44' title='bbox 470 1337 521 1406; x_wconf 89' lang='grc' dir='ltr'><strong>Μ.</strong></span> <span class='ocrx_word' id='word_1_45' title='bbox 542 1337 652 1420; x_wconf 89' lang='lat' dir='ltr'><strong>Bruti,</strong></span> <span class='ocrx_word' id='word_1_46' title='bbox 670 1337 804 1407; x_wconf 83' lang='lat' dir='ltr'><strong>eximiae</strong></span> <span class='ocrx_word' id='word_1_47' title='bbox 818 1337 893 1432; x_wconf 90' lang='lat' dir='ltr'><strong>spei</strong></span> <span class='ocrx_word' id='word_1_48' title='bbox 907 1334 1155 1422; x_wconf 84' lang='lat' dir='ltr'><strong>adolescentis,</strong></span> <span class='ocrx_word' id='word_1_49' title='bbox 1172 1335 1297 1408; x_wconf 88' lang='lat' dir='ltr'><strong>dolens</strong></span> <span class='ocrx_word' id='word_1_50' title='bbox 1311 1339 1438 1426; x_wconf 89' lang='lat' dir='ltr'><strong>vicem,</strong></span> 
     </span>
     <span class='ocr_line' id='line_1_9' title="bbox 327 1459 1442 1559; baseline -0.003 -24"><span class='ocrx_word' id='word_1_51' title='bbox 327 1467 400 1559; x_wconf 78' lang='lat' dir='ltr'><strong>J‘am</strong></span> <span class='ocrx_word' id='word_1_52' title='bbox 425 1462 572 1534; x_wconf 86' lang='lat' dir='ltr'><strong>deflevit</strong></span> <span class='ocrx_word' id='word_1_53' title='bbox 582 1461 797 1558; x_wconf 89' lang='lat' dir='ltr'><strong>judiciorum</strong></span> <span class='ocrx_word' id='word_1_54' title='bbox 816 1463 1010 1532; x_wconf 86' lang='lat' dir='ltr'><strong>vastitatem</strong></span> <span class='ocrx_word' id='word_1_55' title='bbox 1034 1479 1070 1532; x_wconf 92' lang='lat' dir='ltr'><strong>et</strong></span> <span class='ocrx_word' id='word_1_56' title='bbox 1097 1459 1178 1532; x_wconf 84' lang='lat' dir='ltr'><strong>fori.</strong></span> <span class='ocrx_word' id='word_1_57' title='bbox 1207 1461 1332 1532; x_wconf 88' lang='lat' dir='ltr'><strong>Subito</strong></span> <span class='ocrx_word' id='word_1_58' title='bbox 1349 1464 1442 1532; x_wconf 88' lang='lat' dir='ltr'><strong>euim</strong></span> 
     </span>
    </p>
   </div>
   <div class='ocr_carea' id='block_1_3' title="bbox 330 1590 1441 2072">
    <p class='ocr_par' dir='ltr' id='par_1_3' title="bbox 330 1590 1441 2072">
     <span class='ocr_line' id='line_1_10' title="bbox 332 1590 1441 1692; baseline 0 -28"><span class='ocrx_word' id='word_1_59' title='bbox 332 1595 460 1664; x_wconf 89' lang='lat' dir='ltr'><strong>misera</strong></span> <span class='ocrx_word' id='word_1_60' title='bbox 477 1592 616 1692; x_wconf 79' lang='lat' dir='ltr'><strong>fortuna</strong></span> <span class='ocrx_word' id='word_1_61' title='bbox 639 1593 843 1689; x_wconf 83' lang='lat' dir='ltr'><strong>reipublicae</strong></span> <span class='ocrx_word' id='word_1_62' title='bbox 870 1592 906 1664; x_wconf 90' lang='lat' dir='ltr'><strong>id</strong></span> <span class='ocrx_word' id='word_1_63' title='bbox 929 1594 1071 1680; x_wconf 80' lang='lat' dir='ltr'><strong>evenit,</strong></span> <span class='ocrx_word' id='word_1_64' title='bbox 1099 1608 1135 1662; x_wconf 90' lang='lat' dir='ltr'><strong>ut</strong></span> <span class='ocrx_word' id='word_1_65' title='bbox 1155 1590 1298 1664; x_wconf 83' lang='lat' dir='ltr'><strong>libertas</strong></span> <span class='ocrx_word' id='word_1_66' title='bbox 1314 1609 1351 1664; x_wconf 89' lang='lat' dir='ltr'><strong>et</strong></span> <span class='ocrx_word' id='word_1_67' title='bbox 1365 1594 1441 1664; x_wconf 88' lang='lat' dir='ltr'><strong>elo·</strong></span> 
     </span>
     <span class='ocr_line' id='line_1_11' title="bbox 333 1717 1440 1818; baseline -0.002 -28"><span class='ocrx_word' id='word_1_68' title='bbox 333 1721 474 1818; x_wconf 88' lang='lat' dir='ltr'><strong>quentia</strong></span> <span class='ocrx_word' id='word_1_69' title='bbox 493 1719 769 1790; x_wconf 82' lang='lat' dir='ltr'><strong>obmutesceret.</strong></span> <span class='ocrx_word' id='word_1_70' title='bbox 789 1721 916 1790; x_wconf 88' lang='lat' dir='ltr'><strong>Postea</strong></span> <span class='ocrx_word' id='word_1_71' title='bbox 932 1743 1030 1804; x_wconf 87' lang='lat' dir='ltr'><strong>vero,</strong></span> <span class='ocrx_word' id='word_1_72' title='bbox 1051 1743 1131 1788; x_wconf 91' lang='lat' dir='ltr'><strong>cum</strong></span> <span class='ocrx_word' id='word_1_73' title='bbox 1143 1717 1356 1814; x_wconf 84' lang='lat' dir='ltr'><strong>eloquentiae</strong></span> <span class='ocrx_word' id='word_1_74' title='bbox 1370 1721 1440 1814; x_wconf 89' lang='lat' dir='ltr'><strong>pri·</strong></span> 
     </span>
     <span class='ocr_line' id='line_1_12' title="bbox 331 1843 1437 1940; baseline 0 -24"><span class='ocrx_word' id='word_1_75' title='bbox 331 1871 406 1916; x_wconf 90' lang='lat' dir='ltr'><strong>mas</strong></span> <span class='ocrx_word' id='word_1_76' title='bbox 425 1843 556 1940; x_wconf 89' lang='lat' dir='ltr'><strong>ubique</strong></span> <span class='ocrx_word' id='word_1_77' title='bbox 572 1847 665 1916; x_wconf 75' lang='lat' dir='ltr'><strong>[erre</strong></span> <span class='ocrx_word' id='word_1_78' title='bbox 689 1861 873 1939; x_wconf 82' lang='lat' dir='ltr'><strong>arrogaret</strong></span> <span class='ocrx_word' id='word_1_79' title='bbox 896 1844 962 1915; x_wconf 88' lang='lat' dir='ltr'><strong>sibi</strong></span> <span class='ocrx_word' id='word_1_80' title='bbox 975 1845 1086 1929; x_wconf 89' lang='lat' dir='ltr'><strong>Nero,</strong></span> <span class='ocrx_word' id='word_1_81' title='bbox 1104 1843 1282 1940; x_wconf 89' lang='lat' dir='ltr'><strong>quomodo</strong></span> <span class='ocrx_word' id='word_1_82' title='bbox 1303 1845 1437 1940; x_wconf 84' lang='lat' dir='ltr'><strong>spirare</strong></span> 
     </span>
     <span class='ocr_line' id='line_1_13' title="bbox 330 1971 1436 2072; baseline 0 -26"><span class='ocrx_word' id='word_1_83' title='bbox 330 1976 459 2046; x_wconf 89' lang='lat' dir='ltr'><strong>diutius</strong></span> <span class='ocrx_word' id='word_1_84' title='bbox 475 1991 613 2071; x_wconf 87' lang='lat' dir='ltr'><strong>poterat</strong></span> <span class='ocrx_word' id='word_1_85' title='bbox 628 1974 741 2044; x_wconf 87' lang='lat' dir='ltr'><strong>divina</strong></span> <span class='ocrx_word' id='word_1_86' title='bbox 756 1971 814 2044; x_wconf 88' lang='lat' dir='ltr'><strong>illa</strong></span> <span class='ocrx_word' id='word_1_87' title='bbox 830 1999 887 2046; x_wconf 88' lang='lat' dir='ltr'><strong>ars</strong></span> <span class='ocrx_word' id='word_1_88' title='bbox 898 1974 915 2044; x_wconf 72' lang='grc' dir='ltr'>Ρ</span> <span class='ocrx_word' id='word_1_89' title='bbox 928 1976 1046 2072; x_wconf 86' lang='lat' dir='ltr'><strong>Atque</strong></span> <span class='ocrx_word' id='word_1_90' title='bbox 1069 1975 1202 2046; x_wconf 80' lang='lat' dir='ltr'><strong>Seneca</strong></span> <span class='ocrx_word' id='word_1_91' title='bbox 1219 1973 1344 2045; x_wconf 91' lang='lat' dir='ltr'><strong>eodem</strong></span> <span class='ocrx_word' id='word_1_92' title='bbox 1358 1973 1436 2046; x_wconf 89' lang='lat' dir='ltr'><strong>loco</strong></span> 
     </span>
    </p>
   </div>
   <div class='ocr_carea' id='block_1_4' title="bbox 329 2099 1438 2316">
    <p class='ocr_par' dir='ltr' id='par_1_4' title="bbox 329 2099 1438 2316">
     <span class='ocr_line' id='line_1_14' title="bbox 329 2099 1438 2198; baseline 0 -26"><span class='ocrx_word' id='word_1_93' title='bbox 329 2125 450 2174; x_wconf 85' lang='lat' dir='ltr'><strong>causas</strong></span> <span class='ocrx_word' id='word_1_94' title='bbox 468 2117 646 2198; x_wconf 71' lang='lat' dir='ltr'><strong>corruptae</strong></span> <span class='ocrx_word' id='word_1_95' title='bbox 667 2099 880 2197; x_wconf 76' lang='lat' dir='ltr'><strong>eloquentiae</strong></span> <span class='ocrx_word' id='word_1_96' title='bbox 898 2103 1031 2198; x_wconf 90' lang='lat' dir='ltr'><strong>optime</strong></span> <span class='ocrx_word' id='word_1_97' title='bbox 1049 2101 1208 2197; x_wconf 86' lang='lat' dir='ltr'><strong>exponit.</strong></span> <span class='ocrx_word' id='word_1_98' title='bbox 1234 2101 1438 2197; x_wconf 67' lang='lat' dir='ltr'><strong>[ltparcius</strong></span> 
     </span>
     <span class='ocr_line' id='line_1_15' title="bbox 329 2217 1433 2316; baseline -0.001 -23"><span class='ocrx_word' id='word_1_99' title='bbox 329 2231 515 2307; x_wconf 74' lang='lat' dir='ltr'><strong>aestimare,</strong></span> <span class='ocrx_word' id='word_1_100' title='bbox 530 2219 532 2224; x_wconf 73' lang='grc'><strong>’</strong></span> <span class='ocrx_word' id='word_1_101' title='bbox 546 2221 584 2289; x_wconf 78' lang='lat' dir='ltr'><strong>in</strong></span> <span class='ocrx_word' id='word_1_102' title='bbox 601 2232 769 2316; x_wconf 81' lang='lat' dir='ltr'><strong>quantum</strong></span> <span class='ocrx_word' id='word_1_103' title='bbox 792 2217 948 2316; x_wconf 74' lang='lat' dir='ltr'><strong>quotidie</strong></span> <span class='ocrx_word' id='word_1_104' title='bbox 973 2221 1116 2310; x_wconf 70' lang='lat' dir='ltr'><strong>eugenia</strong></span> <span class='ocrx_word' id='word_1_105' title='bbox 1140 2218 1355 2302; x_wconf 79' lang='lat' dir='ltr'><strong>decrescant,</strong></span> <span class='ocrx_word' id='word_1_106' title='bbox 1383 2233 1433 2307; x_wconf 82' lang='lat' dir='ltr'><strong>et,</strong></span> 
     </span>
    </p>
   </div>
   <div class='ocr_carea' id='block_1_5' title="bbox 255 2345 1506 3789">
    <p class='ocr_par' dir='ltr' id='par_1_5' title="bbox 255 2345 1506 3789">
     <span class='ocr_line' id='line_1_16' title="bbox 327 2345 1434 2443; baseline -0.002 -25"><span class='ocrx_word' id='word_1_107' title='bbox 327 2351 443 2418; x_wconf 73' lang='lat' dir='ltr'><strong>nescio</strong></span> <span class='ocrx_word' id='word_1_108' title='bbox 459 2371 533 2443; x_wconf 85' lang='lat' dir='ltr'><strong>qua</strong></span> <span class='ocrx_word' id='word_1_109' title='bbox 546 2349 734 2443; x_wconf 71' lang='lat' dir='ltr'><strong>tnequicate</strong></span> <span class='ocrx_word' id='word_1_110' title='bbox 746 2357 897 2430; x_wconf 69' lang='lat' dir='ltr'><strong>nature,</strong></span> <span class='ocrx_word' id='word_1_111' title='bbox 915 2345 1114 2442; x_wconf 79' lang='lat' dir='ltr'><strong>eloquentia</strong></span> <span class='ocrx_word' id='word_1_112' title='bbox 1128 2372 1166 2414; x_wconf 83' lang='lat' dir='ltr'><strong>se</strong></span> <span class='ocrx_word' id='word_1_113' title='bbox 1180 2359 1274 2418; x_wconf 81' lang='lat' dir='ltr'><strong>relro</strong></span> <span class='ocrx_word' id='word_1_114' title='bbox 1289 2346 1410 2418; x_wconf 78' lang='lat' dir='ltr'><strong>tulerit</strong></span> <span class='ocrx_word' id='word_1_115' title='bbox 1421 2378 1434 2420; x_wconf 84' lang='lat'><strong>.-</strong></span> 
     </span>
     <span class='ocr_line' id='line_1_17' title="bbox 328 2467 1433 2568; baseline -0.004 -24"><span class='ocrx_word' id='word_1_116' title='bbox 328 2475 363 2544; x_wconf 74' lang='lat' dir='ltr'><strong>r&#39;n</strong></span> <span class='ocrx_word' id='word_1_117' title='bbox 378 2470 533 2540; x_wconf 77' lang='lat' dir='ltr'><strong>decenus·</strong></span> <span class='ocrx_word' id='word_1_118' title='bbox 554 2468 661 2568; x_wconf 85' lang='lat' dir='ltr'><strong>(post</strong></span> <span class='ocrx_word' id='word_1_119' title='bbox 676 2467 916 2566; x_wconf 83' lang='lat' dir='ltr'><strong>Ciceronem)</strong></span> <span class='ocrx_word' id='word_1_120' title='bbox 933 2467 1084 2566; x_wconf 76' lang='lat' dir='ltr'><strong>quotidie</strong></span> <span class='ocrx_word' id='word_1_121' title='bbox 1099 2468 1182 2540; x_wconf 85' lang='lat' dir='ltr'><strong>duta</strong></span> <span class='ocrx_word' id='word_1_122' title='bbox 1199 2494 1256 2539; x_wconf 80' lang='lat' dir='ltr'><strong>res</strong></span> <span class='ocrx_word' id='word_1_123' title='bbox 1273 2479 1339 2558; x_wconf 77' lang='lat' dir='ltr'><strong>est,</strong></span> <span class='ocrx_word' id='word_1_124' title='bbox 1361 2468 1433 2540; x_wconf 76' lang='lat' dir='ltr'><strong>stne</strong></span> 
     </span>
     <span class='ocr_line' id='line_1_18' title="bbox 328 2589 1432 2690; baseline -0.004 -24"><span class='ocrx_word' id='word_1_125' title='bbox 328 2595 415 2666; x_wconf 77' lang='lat' dir='ltr'><strong>luna</strong></span> <span class='ocrx_word' id='word_1_126' title='bbox 435 2605 629 2690; x_wconf 77' lang='lat' dir='ltr'><strong>temperant</strong></span> <span class='ocrx_word' id='word_1_127' title='bbox 647 2623 657 2662; x_wconf 91' lang='lat'><strong>.·</strong></span> <span class='ocrx_word' id='word_1_128' title='bbox 672 2589 765 2662; x_wconf 78' lang='lat' dir='ltr'><strong>nzltt&#39;l</strong></span> <span class='ocrx_word' id='word_1_129' title='bbox 782 2603 832 2662; x_wconf 79' lang='lat' dir='ltr'><strong>est</strong></span> <span class='ocrx_word' id='word_1_130' title='bbox 848 2597 939 2660; x_wconf 80' lang='lat' dir='ltr'><strong>enirn</strong></span> <span class='ocrx_word' id='word_1_131' title='bbox 957 2604 1029 2662; x_wconf 78' lang='lat' dir='ltr'><strong>tana</strong></span> <span class='ocrx_word' id='word_1_132' title='bbox 1047 2591 1266 2686; x_wconf 72' lang='lat' dir='ltr'><strong>neorlt&#39;seruan</strong></span> <span class='ocrx_word' id='word_1_133' title='bbox 1282 2593 1432 2689; x_wconf 72' lang='lat' dir='ltr'><strong>angentis</strong></span> 
     </span>
     <span class='ocr_line' id='line_1_19' title="bbox 325 2712 1429 2816; baseline -0.004 -28"><span class='ocrx_word' id='word_1_134' title='bbox 325 2740 436 2816; x_wconf 78' lang='lat' dir='ltr'><strong>quana</strong></span> <span class='ocrx_word' id='word_1_135' title='bbox 449 2715 593 2785; x_wconf 77' lang='lat' dir='ltr'><strong>lanan&#39;u</strong></span> <span class='ocrx_word' id='word_1_136' title='bbox 605 2742 621 2796; x_wconf 89' lang='lat'><strong>,·</strong></span> <span class='ocrx_word' id='word_1_137' title='bbox 634 2715 704 2782; x_wconf 75' lang='lat' dir='ltr'><strong>stne</strong></span> <span class='ocrx_word' id='word_1_138' title='bbox 718 2737 797 2784; x_wconf 85' lang='lat' dir='ltr'><strong>cum</strong></span> <span class='ocrx_word' id='word_1_139' title='bbox 808 2715 994 2812; x_wconf 69' lang='lat' dir='ltr'><strong>preamium</strong></span> <span class='ocrx_word' id='word_1_140' title='bbox 1004 2712 1251 2812; x_wconf 79' lang='lat' dir='ltr'><strong>pulcherrtnzae</strong></span> <span class='ocrx_word' id='word_1_141' title='bbox 1266 2715 1325 2784; x_wconf 69' lang='lat' dir='ltr'><strong>ret</strong></span> <span class='ocrx_word' id='word_1_142' title='bbox 1335 2722 1429 2784; x_wconf 82' lang='lat' dir='ltr'><strong>ceei-</strong></span> 
     </span>
     <span class='ocr_line' id='line_1_20' title="bbox 325 2838 1506 2938; baseline -0.002 -26"><span class='ocrx_word' id='word_1_143' title='bbox 325 2841 447 2923; x_wconf 81' lang='lat' dir='ltr'><strong>dr&#39;ssel,</strong></span> <span class='ocrx_word' id='word_1_144' title='bbox 468 2839 680 2912; x_wconf 81' lang='lat' dir='ltr'><strong>translatum</strong></span> <span class='ocrx_word' id='word_1_145' title='bbox 697 2851 752 2910; x_wconf 80' lang='lat' dir='ltr'><strong>est</strong></span> <span class='ocrx_word' id='word_1_146' title='bbox 777 2866 876 2910; x_wconf 81' lang='lat' dir='ltr'><strong>enene</strong></span> <span class='ocrx_word' id='word_1_147' title='bbox 902 2854 1080 2912; x_wconf 83' lang='lat' dir='ltr'><strong>certamen</strong></span> <span class='ocrx_word' id='word_1_148' title='bbox 1099 2838 1152 2910; x_wconf 91' lang='lat' dir='ltr'><strong>ud</strong></span> <span class='ocrx_word' id='word_1_149' title='bbox 1169 2841 1300 2938; x_wconf 74' lang='lat' dir='ltr'><strong>carpta,</strong></span> <span class='ocrx_word' id='word_1_150' title='bbox 1322 2841 1432 2912; x_wconf 82' lang='lat' dir='ltr'><strong>multo</strong></span> <span class='ocrx_word' id='word_1_151' title='bbox 1501 2888 1506 2900; x_wconf 65' lang='lat'><strong>.</strong></span> 
     </span>
     <span class='ocr_line' id='line_1_21' title="bbox 324 2960 1431 3060; baseline -0.001 -25"><span class='ocrx_word' id='word_1_152' title='bbox 324 2964 453 3036; x_wconf 82' lang='lat' dir='ltr'><strong>honore</strong></span> <span class='ocrx_word' id='word_1_153' title='bbox 469 2975 682 3060; x_wconf 70' lang='lat' dir='ltr'><strong>questuque</strong></span> <span class='ocrx_word' id='word_1_154' title='bbox 699 2963 873 3058; x_wconf 56' lang='lat' dir='ltr'><strong>vagantem</strong></span> <span class='ocrx_word' id='word_1_155' title='bbox 887 2965 1042 3054; x_wconf 75' lang='lat' dir='ltr'><strong>senesuta</strong></span> <span class='ocrx_word' id='word_1_156' title='bbox 1057 2960 1228 3059; x_wconf 83' lang='lat' dir='ltr'><strong>quodam,</strong></span> <span class='ocrx_word' id='word_1_157' title='bbox 1243 2967 1345 3056; x_wconf 65' lang='lat' dir='ltr'><strong>cujus</strong></span> <span class='ocrx_word' id='word_1_158' title='bbox 1360 2988 1431 3034; x_wconf 86' lang='lat' dir='ltr'><strong>mu-</strong></span> 
     </span>
     <span class='ocr_line' id='line_1_22' title="bbox 324 3089 1429 3190; baseline -0.003 -27"><span class='ocrx_word' id='word_1_159' title='bbox 324 3093 430 3188; x_wconf 76' lang='lat' dir='ltr'><strong>lt&#39;gna</strong></span> <span class='ocrx_word' id='word_1_160' title='bbox 442 3103 680 3190; x_wconf 82' lang='lat' dir='ltr'><strong>perpetuaque</strong></span> <span class='ocrx_word' id='word_1_161' title='bbox 703 3091 740 3158; x_wconf 79' lang='lat' dir='ltr'><strong>in</strong></span> <span class='ocrx_word' id='word_1_162' title='bbox 764 3089 921 3159; x_wconf 75' lang='lat' dir='ltr'><strong>omnibus</strong></span> <span class='ocrx_word' id='word_1_163' title='bbox 944 3089 1044 3158; x_wconf 80' lang='lat' dir='ltr'><strong>rebus</strong></span> <span class='ocrx_word' id='word_1_164' title='bbox 1060 3089 1118 3159; x_wconf 76' lang='lat' dir='ltr'><strong>len</strong></span> <span class='ocrx_word' id='word_1_165' title='bbox 1136 3099 1205 3170; x_wconf 78' lang='lat' dir='ltr'><strong>est,</strong></span> <span class='ocrx_word' id='word_1_166' title='bbox 1221 3089 1322 3160; x_wconf 80' lang='lat' dir='ltr'><strong>ulad</strong></span> <span class='ocrx_word' id='word_1_167' title='bbox 1340 3115 1429 3160; x_wconf 83' lang='lat' dir='ltr'><strong>sam·</strong></span> 
     </span>
     <span class='ocr_line' id='line_1_23' title="bbox 323 3213 1427 3317; baseline -0.004 -26"><span class='ocrx_word' id='word_1_168' title='bbox 323 3245 417 3291; x_wconf 73' lang='lat' dir='ltr'><strong>anum</strong></span> <span class='ocrx_word' id='word_1_169' title='bbox 430 3215 602 3317; x_wconf 79' lang='lat' dir='ltr'><strong>perducta</strong></span> <span class='ocrx_word' id='word_1_170' title='bbox 612 3241 733 3288; x_wconf 82' lang='lat' dir='ltr'><strong>rursus</strong></span> <span class='ocrx_word' id='word_1_171' title='bbox 750 3213 983 3310; x_wconf 69' lang='lat' dir='ltr'><strong>adtnslnaum,</strong></span> <span class='ocrx_word' id='word_1_172' title='bbox 997 3214 1150 3288; x_wconf 75' lang='lat' dir='ltr'><strong>aelectus</strong></span> <span class='ocrx_word' id='word_1_173' title='bbox 1164 3214 1308 3312; x_wconf 70' lang='lat' dir='ltr'><strong>quidem</strong></span> <span class='ocrx_word' id='word_1_174' title='bbox 1321 3241 1427 3312; x_wconf 85' lang='lat' dir='ltr'><strong>quum</strong></span> 
     </span>
     <span class='ocr_line' id='line_1_24' title="bbox 324 3333 1428 3436; baseline -0.003 -24"><span class='ocrx_word' id='word_1_175' title='bbox 324 3337 569 3422; x_wconf 83' lang='lat' dir='ltr'><strong>ascenderant,</strong></span> <span class='ocrx_word' id='word_1_176' title='bbox 581 3334 802 3408; x_wconf 77' lang='lat' dir='ltr'><strong>relabuntur.</strong></span> <span class='ocrx_word' id='word_1_177' title='bbox 833 3340 987 3436; x_wconf 79' lang='lat' dir='ltr'><strong>&#39;l&#39;arpent</strong></span> <span class='ocrx_word' id='word_1_178' title='bbox 997 3361 1076 3406; x_wconf 86' lang='lat' dir='ltr'><strong>ecce</strong></span> <span class='ocrx_word' id='word_1_179' title='bbox 1090 3337 1236 3432; x_wconf 72' lang='lat' dir='ltr'><strong>eugenia</strong></span> <span class='ocrx_word' id='word_1_180' title='bbox 1250 3333 1428 3409; x_wconf 69' lang='lat' dir='ltr'><strong>aestuum</strong></span> 
     </span>
     <span class='ocr_line' id='line_1_25' title="bbox 309 3456 1423 3560; baseline -0.005 -26"><span class='ocrx_word' id='word_1_181' title='bbox 309 3463 524 3560; x_wconf 74' lang='lat' dir='ltr'><strong>juventutis,</strong></span> <span class='ocrx_word' id='word_1_182' title='bbox 553 3485 616 3528; x_wconf 85' lang='lat' dir='ltr'><strong>nec</strong></span> <span class='ocrx_word' id='word_1_183' title='bbox 645 3461 682 3528; x_wconf 77' lang='lat' dir='ltr'><strong>in</strong></span> <span class='ocrx_word' id='word_1_184' title='bbox 709 3456 814 3529; x_wconf 75' lang='lat' dir='ltr'><strong>allans</strong></span> <span class='ocrx_word' id='word_1_185' title='bbox 837 3457 989 3528; x_wconf 74' lang='lat' dir='ltr'><strong>banestre</strong></span> <span class='ocrx_word' id='word_1_186' title='bbox 1014 3460 1071 3529; x_wconf 78' lang='lat' dir='ltr'><strong>rel</strong></span> <span class='ocrx_word' id='word_1_187' title='bbox 1091 3456 1209 3530; x_wconf 85' lang='lat' dir='ltr'><strong>labore</strong></span> <span class='ocrx_word' id='word_1_188' title='bbox 1235 3456 1423 3553; x_wconf 65' lang='lat' dir='ltr'><strong>regulatur.</strong></span> 
     </span>
     <span class='ocr_line' id='line_1_26' title="bbox 255 3581 1425 3682; baseline -0.003 -22"><span class='ocrx_word' id='word_1_189' title='bbox 255 3637 257 3648; x_wconf 83' lang='lat'><strong>.</strong></span> <span class='ocrx_word' id='word_1_190' title='bbox 321 3593 474 3665; x_wconf 82' lang='lat' dir='ltr'><strong>Somnus</strong></span> <span class='ocrx_word' id='word_1_191' title='bbox 491 3586 727 3682; x_wconf 81' lang='lat' dir='ltr'><strong>languorque,</strong></span> <span class='ocrx_word' id='word_1_192' title='bbox 742 3610 785 3654; x_wconf 81' lang='lat' dir='ltr'><strong>ac</strong></span> <span class='ocrx_word' id='word_1_193' title='bbox 799 3609 917 3654; x_wconf 81' lang='lat' dir='ltr'><strong>somno</strong></span> <span class='ocrx_word' id='word_1_194' title='bbox 932 3595 967 3652; x_wconf 82' lang='lat' dir='ltr'><strong>el</strong></span> <span class='ocrx_word' id='word_1_195' title='bbox 983 3581 1152 3682; x_wconf 83' lang='lat' dir='ltr'><strong>languore</strong></span> <span class='ocrx_word' id='word_1_196' title='bbox 1165 3584 1425 3682; x_wconf 79' lang='lat' dir='ltr'><strong>turpt&#39;armala·</strong></span> 
     </span>
     <span class='ocr_line' id='line_1_27' title="bbox 320 3708 1424 3789; baseline -0.006 0"><span class='ocrx_word' id='word_1_197' title='bbox 320 3741 401 3789; x_wconf 78' lang='lat' dir='ltr'><strong>runt</strong></span> <span class='ocrx_word' id='word_1_198' title='bbox 417 3737 535 3784; x_wconf 83' lang='lat' dir='ltr'><strong>rerum</strong></span> <span class='ocrx_word' id='word_1_199' title='bbox 557 3708 726 3780; x_wconf 64' lang='lat' dir='ltr'><strong>audiunto</strong></span> <span class='ocrx_word' id='word_1_200' title='bbox 743 3710 871 3781; x_wconf 71' lang='lat' dir='ltr'><strong>innunt</strong></span> <span class='ocrx_word' id='word_1_201' title='bbox 890 3711 1036 3780; x_wconf 78' lang='lat' dir='ltr'><strong>annuos.</strong></span> <span class='ocrx_word' id='word_1_202' title='bbox 1058 3709 1241 3781; x_wconf 82' lang='lat' dir='ltr'><strong>Cantandt&#39;</strong></span> <span class='ocrx_word' id='word_1_203' title='bbox 1257 3709 1424 3783; x_wconf 81' lang='lat' dir='ltr'><strong>saltandi-</strong></span> 
     </span>
    </p>
   </div>
   <div class='ocr_carea' id='block_1_6' title="bbox 324 3833 1423 3941">
    <p class='ocr_par' dir='ltr' id='par_1_6' title="bbox 324 3833 1423 3941">
     <span class='ocr_line' id='line_1_28' title="bbox 324 3833 1423 3941; baseline -0.007 -27"><span class='ocrx_word' id='word_1_204' title='bbox 324 3867 393 3941; x_wconf 87' lang='lat' dir='ltr'><strong>que</strong></span> <span class='ocrx_word' id='word_1_205' title='bbox 413 3863 505 3908; x_wconf 86' lang='lat' dir='ltr'><strong>nunc</strong></span> <span class='ocrx_word' id='word_1_206' title='bbox 519 3837 667 3909; x_wconf 81' lang='lat' dir='ltr'><strong>obscena</strong></span> <span class='ocrx_word' id='word_1_207' title='bbox 679 3833 790 3906; x_wconf 70' lang='lat' dir='ltr'><strong>scaena</strong></span> <span class='ocrx_word' id='word_1_208' title='bbox 811 3835 1029 3926; x_wconf 63' lang='lat' dir='ltr'><strong>effeminatos</strong></span> <span class='ocrx_word' id='word_1_209' title='bbox 1047 3848 1179 3918; x_wconf 81' lang='lat' dir='ltr'><strong>tenent,</strong></span> <span class='ocrx_word' id='word_1_210' title='bbox 1202 3849 1237 3908; x_wconf 83' lang='lat' dir='ltr'><strong>et</strong></span> <span class='ocrx_word' id='word_1_211' title='bbox 1255 3837 1423 3936; x_wconf 77' lang='lat' dir='ltr'><strong>capillum</strong></span> 
     </span>
    </p>
   </div>
   <div class='ocr_carea' id='block_1_7' title="bbox 320 3963 1422 4191">
    <p class='ocr_par' dir='ltr' id='par_1_7' title="bbox 320 3963 1422 4191">
     <span class='ocr_line' id='line_1_29' title="bbox 320 3963 1420 4066; baseline -0.008 -24"><span class='ocrx_word' id='word_1_212' title='bbox 320 3975 488 4066; x_wconf 74' lang='lat' dir='ltr'><strong>frangere</strong></span> <span class='ocrx_word' id='word_1_213' title='bbox 512 3977 547 4035; x_wconf 84' lang='lat' dir='ltr'><strong>et</strong></span> <span class='ocrx_word' id='word_1_214' title='bbox 569 3963 621 4036; x_wconf 88' lang='lat' dir='ltr'><strong>ad</strong></span> <span class='ocrx_word' id='word_1_215' title='bbox 638 3964 825 4034; x_wconf 73' lang='lat' dir='ltr'><strong>mulcebres</strong></span> <span class='ocrx_word' id='word_1_216' title='bbox 846 3963 1032 4037; x_wconf 76' lang='lat' dir='ltr'><strong>blondellus</strong></span> <span class='ocrx_word' id='word_1_217' title='bbox 1058 3991 1175 4038; x_wconf 67' lang='lat' dir='ltr'><strong>raonem</strong></span> <span class='ocrx_word' id='word_1_218' title='bbox 1204 3977 1420 4049; x_wconf 76' lang='lat' dir='ltr'><strong>extenuare,</strong></span> 
     </span>
     <span class='ocr_line' id='line_1_30' title="bbox 322 4091 1422 4191; baseline -0.011 -22"><span class='ocrx_word' id='word_1_219' title='bbox 322 4095 464 4170; x_wconf 70' lang='lat' dir='ltr'><strong>nulline</strong></span> <span class='ocrx_word' id='word_1_220' title='bbox 486 4099 639 4191; x_wconf 82' lang='lat' dir='ltr'><strong>carpon&#39;s</strong></span> <span class='ocrx_word' id='word_1_221' title='bbox 653 4103 793 4163; x_wconf 84' lang='lat' dir='ltr'><strong>certare</strong></span> <span class='ocrx_word' id='word_1_222' title='bbox 806 4117 886 4163; x_wconf 75' lang='lat' dir='ltr'><strong>cunt</strong></span> <span class='ocrx_word' id='word_1_223' title='bbox 901 4094 1054 4180; x_wconf 72' lang='lat' dir='ltr'><strong>fomanus,</strong></span> <span class='ocrx_word' id='word_1_224' title='bbox 1082 4091 1362 4164; x_wconf 75' lang='lat' dir='ltr'><strong>rinmundr&#39;ssrnu&#39;s</strong></span> <span class='ocrx_word' id='word_1_225' title='bbox 1384 4116 1422 4158; x_wconf 84' lang='lat' dir='ltr'><strong>se</strong></span> 
     </span>
    </p>
   </div>
   <div class='ocr_carea' id='block_1_8' title="bbox 0 0 1648 5344">
    <p class='ocr_par' dir='ltr' id='par_1_8' title="bbox 0 0 1648 5344">
     <span class='ocr_line' id='line_1_31' title="bbox 0 0 1648 5344; baseline 0 9"><span class='ocrx_word' id='word_1_226' title='bbox 0 0 1648 5344; x_wconf 95' lang='lat' dir='ltr'><strong> </strong></span> 
     </span>
    </p>
   </div>
  </div>
 </body>
</html>
