3246 5340
670 467 737 544 377

150 605 356 670 -Similiter
370 603 453 668 idem
468 605 595 670 Servius
620 609 659 670 ad
674 609 743 670 AEn.
765 609 834 682 Vll,
853 607 892 668 30
908 603 1005 668 dioit:
1028 631 1042 664 o
1059 607 1151 668 Hunc
1166 611 1254 679 inter,

151 724 209 786 per
226 705 319 766 huno.
336 706 391 764 Est
405 717 508 766 autem
524 705 637 766 crebra
653 704 823 764 Frontonis
834 702 1009 766 elocutio.»

372 861 525 942 CXIX.
557 866 771 942 Volumnius
795 869 1012 964 Quadratus.

196 1049 312 1112 Fronto
326 1049 383 1133 Ep.
398 1049 437 1109 ad
455 1047 571 1110 amieos
592 1051 638 1122 ll,
655 1040 672 1110 3
688 1071 696 1110 2
714 1052 841 1128 Legem,
863 1047 920 1124 fili,
937 1051 1074 1112 libenter
1088 1051 1261 1112 orationem

154 1151 256 1224 utem,
272 1161 364 1230 quotu
378 1146 493 1210 misisti
504 1149 591 1224 mihi,
609 1157 642 1211 et
651 1147 678 1212 si
694 1143 768 1232 quid
780 1149 937 1212 videbitur
948 1151 1181 1230 corrigendum,
1195 1171 1262 1211 eor·

154 1247 266 1325 rigam
282 1277 321 1294 -
342 1247 521 1326 Sequuntur
535 1245 638 1326 aliqua
650 1247 689 1309 de
707 1242 761 1311 illo
775 1247 927 1324 motione,
943 1249 997 1310 sed
1011 1249 1177 1310 maximam
1191 1269 1262 1330 par·

156 1361 218 1409 tem
228 1343 404 1408 obliterata.
1190 1333 1193 1338 ’

201 1449 250 1509 Ad
263 1450 403 1511 eumdem
417 1447 617 1512 Volumnium
634 1446 777 1531 Epistolae
791 1451 858 1510 duae
870 1451 992 1532 priores
1002 1451 1087 1511 illius
1099 1446 1175 1512 libri
1186 1451 1262 1511 scri·

156 1568 217 1638 pue
232 1568 317 1632 suut,
335 1555 501 1638 exquibus
517 1569 626 1638 petere
645 1554 781 1630 videtur,
802 1556 1001 1619 Volumnium
1015 1553 1175 1620 orationes
1190 1557 1263 1620 alia·

160 1675 219 1737 que
233 1657 352 1738 scripta
366 1655 461 1717 edere
475 1653 620 1718 voluisse.

257 1817 371 1890 CXX.
401 1820 531 1890 Lucius
555 1820 686 1906 VeruS,
713 1823 824 1896 Marci
855 1823 1025 1892 Antonini
1046 1823 1166 1894 frater.

203 1995 320 2056 Fronto
341 1994 398 2072 Ep.
424 1993 463 2052 ad
477 1993 518 2052 Μ.
536 1991 649 2055 Cursor.
668 1994 707 2068 V,
727 1995 766 2056 38
781 2015 788 2054 ε
806 1997 920 2060 Utrum
934 1993 1009 2056 loeti
1024 1989 1125 2056 uirtus
1139 2004 1268 2055 ornare-

162 2091 205 2152 rit
230 2085 416 2164 orationem,
449 2110 489 2152 an
504 2088 606 2154 oratio
629 2091 744 2152 lactum
770 2092 994 2153 nobilissimum
1014 2091 1267 2173 aequipareverit,

161 2191 303 2252 incertus
314 2207 392 2263 sum,
410 2201 496 2252 corte
521 2188 645 2272 quidem
657 2191 794 2273 ejusdem
812 2191 908 2264 mota,
926 2193 1012 2274 ouius
1031 2191 1085 2252 illa
1101 2191 1193 2253 lucta.
1211 2190 1271 2252 Sel

163 2301 197 2350 et
209 2289 316 2350 fratris
329 2289 376 2350 tui
388 2293 486 2348 oratio
494 2311 544 2352 mo
558 2291 742 2352 delectarit:
760 2307 834 2352 nam
845 2303 876 2352 et
890 2303 1003 2354 ornatu
1015 2291 1070 2352 luit
1081 2301 1112 2352 et
1126 2293 1267 2363 cordato,

168 2402 200 2450 et
214 2388 455 2464 eerturnholieo¹
468 2411 540 2452 eum
555 2388 719 2454 minimum
731 2392 825 2472 spatii
835 2393 982 2454 habuisse
997 2393 1036 2453 ad
1047 2389 1270 2452 meditandum.

190 2525 292 2604 fictitii
303 2529 398 2593 oratio]
412 2525 445 2578 de
463 2527 553 2579 endem
571 2528 599 2580 in
619 2529 742 2598 sequenti
759 2527 844 2600 Epist.
862 2521 982 2598 loquitur
996 2521 1033 2581 M.
1044 2527 1147 2581 Caesar:
1165 2527 1271 2580 Fratris
1298 2535 1368 2610 259

235 2613 301 2664 mihi
312 2613 455 2684 grutltrruttl
468 2610 536 2663 nollo
549 2626 577 2664 oo
591 2615 813 2678 laudabiliorem,
828 2632 879 2683 quo
893 2617 977 2664 nrinrts
991 2613 1028 2664 ad
1039 2615 1228 2678 meditandum,
1243 2628 1272 2665 ut

234 2700 371 2770 oonjootom
383 2697 476 2749 imm
486 2701 574 2765 spatii.

209 2823 310 2883 Verus
320 2820 399 2899 Imp.
412 2819 470 2900 Ep.
486 2819 524 2878 ad
535 2817 727 2880 Frontonem
739 2817 769 2894 3,
783 2839 815 2900 p.
830 2815 906 2880 187:
923 2815 1054 2900 Quidvis
1068 2816 1153 2882 enim
1167 2819 1270 2879 subire

167 2919 295 3000 portum
308 2925 386 2989 sum,
404 2913 476 2974 duul
491 2928 509 2975 u
523 2927 554 2976 te
569 2933 620 2976 res
635 2927 748 2976 nostrae
763 2913 972 2976 celebrentur.
998 2913 1096 2977 Plane
1114 2933 1178 2974 non
1197 2933 1270 2974 oon-

167 3013 329 3096 tempseris
337 3022 369 3074 et
377 3017 532 3072 orationes
543 3015 586 3072 ad
595 3029 731 3073 senatum
743 3027 775 3074 et
783 3012 989 3074 adlocutiones
1000 3029 1122 3074 nostras
1131 3013 1174 3072 ad
1182 3033 1271 3072 escer-

167 3119 270 3177 citum.
286 3109 409 3172 Mittam
424 3110 481 3172 tibi
496 3123 528 3172 et
542 3131 701 3172 sermones
713 3133 798 3172 meos
809 3133 881 3172 cum
895 3113 1036 3173 barbaris
1047 3111 1172 3173 habitos.
1193 3101 1270 3174 Mul·

169 3229 238 3276 tum
246 3213 312 3274 hmo
323 3213 382 3274 tihi
393 3210 566 3274 oonlerent.

206 3347 347 3414 eonferent]
359 3344 513 3397 utParthioi
522 3343 598 3408 belli,
608 3345 679 3414 quod
689 3347 768 3418 gessi,
780 3346 918 3399 historiam
929 3346 1082 3402 luculenter
1089 3350 1249 3402 conscribas.

311 3513 441 3586 CXXI.
472 3512 619 3585 Marcus
635 3515 850 3588 Antoninus
865 3511 1131 3610 Philosophus.

217 3709 487 3790 hesepitregnum
497 3728 527 3770 a.
540 3709 579 3772 U.
592 3707 667 3780 913,
680 3727 710 3788 p.
724 3705 799 3769 Chr.
814 3705 887 3766 tor.

216 3807 331 3868 Fronto
347 3807 404 3886 Ep.
422 3805 460 3866 acl
476 3805 519 3864 ll.
529 3803 717 3877 cesar-111,
730 3807 764 3864 l=
781 3805 869 3865 loom
883 3818 927 3880 tu,
944 3821 1035 3886 quom
1050 3806 1084 3866 in
1099 3817 1208 3866 umato
1223 3811 1275 3870 vel

175 3904 209 3966 in
225 3905 369 3968 contione
383 3903 489 3986 populi
502 3901 668 3968 dicendum
680 3904 749 3980 init,
764 3905 848 3966 nullo
859 3905 957 3968 verbo
971 3905 1136 3968 remotiore
1147 3920 1217 3967 usus
1228 3924 1273 3984 es,

177 4001 261 4064 inulla
276 4000 376 4080 figura
389 3999 522 4063 obseura
537 4012 590 4062 ant
605 3999 762 4063 obsoleta:
779 4014 813 4061 ut
826 4002 880 4080 qui
894 4001 975 4062 scias
989 4002 1197 4082 eloquentiam
1211 4003 1275 4065 Coe·

178 4100 259 4166 saris
272 4103 353 4164 tuboe
368 4102 502 4167 similem
514 4120 582 4164 esse
595 4101 726 4176 debere,
742 4113 806 4164 uon
820 4099 986 4174 tibiarum,
1003 4104 1036 4164 in
1053 4103 1163 4185 quihus
1177 4107 1277 4164 minus

178 4217 228 4270 est
237 4203 318 4277 soni,
328 4202 396 4283 plus
406 4199 605 4266 difficultatis.

222 4304 336 4365 Fronto
351 4302 408 4382 Ep.
428 4303 467 4364 ad
480 4305 596 4367 Verum
610 4303 687 4384 lmp.
707 4304 741 4363 l:
765 4304 814 4365 lix-
828 4303 1003 4384 eloquentia
1019 4314 1080 4379 tna,
1099 4320 1188 4384 quoni
1205 4301 1279 4365 orri-

1130 4417 1165 4481 rs
