3288 5344
882 405 926 476 :to

251 597 254 612 .
354 535 500 609 sollemne
510 559 560 608 est
573 548 607 608 t.
620 546 726 607 Cossio
735 542 765 618 *,
777 565 806 605 e.
826 545 886 606 646
901 567 921 607 n
933 545 1091 625 'ligurittis
1103 547 1137 608 ln
1151 533 1260 627 pmiio
1273 546 1449 621 inseruero

353 649 392 710 de
406 665 467 728 qno
480 649 598 710 honone
612 646 771 708 dtrbitssse
784 646 941 708 Brossium
959 645 1073 708 nollem
1091 665 1124 728 p.
1152 645 1233 724 251,
1249 647 1311 712 Sed
1330 645 1451 728 dejemo

354 746 554 830 competitore
563 747 601 806 Ρ.
618 745 746 820 Rutilio,
761 743 956 807 nobilissimus
970 745 1177 820 contentioni,
1192 745 1325 808 ambitus
1340 765 1411 808 reus
1420 758 1451 807 et

353 862 560 912 accusatorem
579 865 667 908 snum
682 848 790 908 eudem
802 847 867 908 telo
885 859 1005 928 petens,
1020 847 1123 908 locum
1137 845 1233 922 dedit,
1256 849 1368 927 dequo
1384 865 1452 908 mox

354 946 665 1012 uberinsdisseretur.
679 946 754 1007 Post
765 944 830 1004 hec
843 943 990 1026 princeps
1008 943 1171 1006 senatorio
1187 943 1350 1008 sententiae
1357 945 1452 1008 maxi·

353 1045 411 1107 mis
424 1041 567 1106 inrebus
588 1051 739 1112 versatus,
755 1040 788 1100 io
803 1041 911 1122 primis
929 1042 1124 1122 Iugurthinae
1135 1041 1303 1104 invidisset
1317 1043 1393 1104 belli
1407 1061 1452 1103 so·

354 1146 441 1208 cielis
449 1144 579 1208 excitati
590 1143 710 1224 culpem
724 1141 880 1216 sustinuit,
903 1144 1043 1224 quemvis
1060 1145 1224 1226 prudentia
1238 1155 1270 1206 et
1282 1143 1452 1206 dIssimnlo·

354 1245 439 1306 tione
449 1244 524 1306 satie
534 1253 644 1304 tectus.

398 1343 450 1406 29.
463 1341 534 1401 Tot
545 1351 616 1402 sunt
630 1351 773 1400 ueterum
787 1339 896 1399 dehoc
917 1339 987 1399 viro
999 1337 1187 1412 testimonia,
1202 1351 1237 1399 ut
1254 1336 1344 1418 hujus
1355 1335 1455 1400 stetis

354 1439 486 1506 neminis
501 1437 583 1499 lama
599 1438 640 1498 sit
663 1435 822 1498 illustrior.
840 1435 988 1510 Moribus,
1008 1435 1036 1496 si
1054 1433 1201 1500 Ciceroni
1215 1437 1348 1511 credes,
1376 1435 1453 1496 nihil

355 1537 502 1629 sanctius,
527 1535 607 1596 nihil
619 1536 755 1614 gravius,
776 1535 855 1596 nihil
869 1535 1026 1615 antiquius
1040 1534 1109 1596 init.
1132 1537 1174 1595 At
1192 1535 1365 1607 Sallustius,
1380 1537 1462 1613 Ing:

356 1657 386 1698 o.
408 1637 459 1712 tt,
484 1649 517 1697 et
536 1635 578 1696 ab
601 1636 661 1696 hoo
681 1646 842 1716 respectus
857 1635 987 1696 fortusse
1003 1635 1152 1708 Lucilius,
1176 1635 1360 1698 Saturarum
1383 1633 1457 1695 libri

357 1733 487 1797 secundi
502 1731 696 1810 fragmentis,
718 1731 834 1811 Ingenii
853 1731 1185 1812 magnitudinemcum
1205 1751 1242 1793 eo
1262 1749 1383 1794 morum
1405 1730 1457 1790 lel-

350 1829 433 1892 leoia
444 1829 585 1912 junctam
599 1825 703 1903 inleso,
721 1841 756 1888 nt
769 1829 873 1910 specie
887 1828 1193 1910 virtummpe'ssimn
1213 1829 1298 1890 vitie-
1313 1842 1457 1908 tegeren-

353 1943 417 2002 tur,
433 1929 528 1990 etille
540 1928 664 2008 quidem
678 1943 783 1988 rernm
798 1927 1001 2002 documentis,
1025 1929 1289 1988 demonstrarunt.
1305 1929 1384 1988 Nam
1402 1945 1462 1987 nee

354 2043 414 2108 otte
428 2023 583 2088 Africanus
602 2024 765 2104 legationis
782 2043 882 2104 neque
911 2023 1090 2104 qnaestionIs
1105 2024 1145 2084 de
1163 2023 1231 2100 lege
1246 2022 1382 2084 Mamilia
1397 2041 1458 2082 me·

355 2127 454 2189 moria
472 2125 709 2197 obliterabitur,
730 2136 763 2184 ct
778 2125 892 2186 acerbo
911 2126 1077 2200 staunton
1098 2123 1262 2186 meledicto
1281 2123 1401 2203 objecit
1419 2114 1455 2184 C.

355 2225 518 2286 Memmius
528 2223 610 2302 epttd
623 2222 691 2281 Cio.
706 2221 754 2280 De
768 2233 848 2280 oret.
870 2223 915 2291 II,
938 2222 994 2297 to,
1018 2233 1050 2282 et
1064 2237 1191 2297 magnes
1207 2219 1272 2280 filio
1285 2219 1457 2288 hereditate

353 2320 480 2385 relictas
491 2317 616 2379 divitias
625 2331 746 2378 certum
755 2317 888 2377 videtur.
903 2319 955 2391 At,
967 2331 1158 2396 quesummu
1167 2316 1387 2379 Ciceronibus
1394 2330 1458 2388 est,

354 2415 498 2477 omnibus
514 2411 666 2474 seditiosis
677 2433 695 2473 a
708 2413 856 2475 Graccho
869 2415 909 2473 od
921 2413 963 2495 Q.
985 2415 1113 2476 Verium
1129 2413 1269 2484 obstitit3
1283 2433 1382 2494 neque
1395 2415 1460 2476 cul·

355 2515 477 2597 pandus
499 2512 622 2586 Cicero,
647 2514 729 2592 quod
752 2511 914 2574 seditiosos
935 2514 1054 2576 dixerit
1078 2513 1236 2597 (utne-1,
1253 2513 1307 2586 22,
1327 2513 1385 2576 Or.
1402 2531 1461 2594 pro

353 2611 456 2676 Sextio
468 2631 498 2673 c.
519 2611 587 2694 17).
600 2609 679 2670 Nem
697 2619 766 2690 post
778 2610 938 2672 Gracchos
952 2622 1046 2674 nemo
1061 2612 1128 2674 sine
1139 2611 1273 2692 pessimo
1289 2611 1461 2692 cupiditate

246 2781 249 2790 Ι
355 2707 513 2790 popularis
527 2705 596 2767 fuit.
619 2709 776 2768 Praeteree
798 2707 997 2772 severitatem
1019 2712 1214 2771 commendat
1229 2709 1300 2772 Cic.
1322 2707 1414 2772 offic
1431 2710 1457 2780 I,

353 2809 408 2884 30,
425 2810 497 2872 Vel.
521 2809 603 2868 Mar.
621 2807 665 2880 V,
686 2809 718 2881 8,
743 2806 776 2882 l,
792 2809 830 2868 de
844 2807 909 2870 filio
920 2809 1065 2888 graviter
1082 2810 1230 2888 castIgato
1246 2820 1461 2887 argumentum

351 2917 461 2988 petens
474 2905 555 2989 (non
573 2905 729 2967 luxurioso
751 2904 816 2975 illo,
837 2896 876 2966 de
892 2926 951 2986 quo
966 2907 1080 2969 Ascon.
1102 2909 1140 2970 ad
1155 2909 1247 2969 Verr.
1264 2908 1289 2980 I,
1314 2905 1346 2976 4,
1374 2919 1407 2966 et
1426 2905 1461 2966 iu

355 3023 475 3082 argum.
489 3003 546 3066 or.
562 3020 620 3083 pro
632 3001 764 3073 Scauro,
779 3002 862 3062 Plin.
880 3003 919 3060 H.
938 3005 977 3063 N.
995 3005 1081 3078 VIII,
1101 3006 1165 3065 δεῖ
1180 3004 1237 3076 233
1254 3001 1401 3075 XXIIII,
1422 3003 1460 3078 ῖς

361 3105 506 3176 xxxvl,
525 3103 577 3184 2),
595 3102 662 3162 Clo.
680 3104 741 3162 Pro
756 3101 876 3162 Fontei.
895 3123 922 3163 c.
946 3104 962 3163 t
984 3117 1015 3164 et
1030 3105 1061 3179 83
1079 3118 1212 3166 etexeo
1225 3106 1307 3166 idem
1321 3103 1463 3166 Valerius

359 3203 385 3261 l.
398 3219 428 3259 c.
444 3201 508 3262 Sed
518 3217 588 3258 curn
601 3197 715 3258 multos
726 3197 862 3259 omniurn
880 3198 1022 3258 ordiunm
1035 3199 1164 3262 haberet
1175 3201 1329 3274 inimicos,
1345 3201 1379 3260 in
1391 3219 1461 3280 per·

356 3296 457 3378 petuis
464 3292 670 3354 simultatibus
681 3291 854 3356 consenuit.
867 3294 978 3358 Cicero
988 3298 1133 3380 Deprov.
1142 3316 1220 3359 coss.
1231 3318 1266 3358 o.¹
1274 3299 1306 3369 8,
1315 3295 1420 3360 econ.
1432 3298 1458 3370 I,
1492 3343 1495 3347 .

360 3393 412 3466 tt,
434 3390 535 3453 Murio
555 3389 715 3450 inimicum
736 3391 849 3467 refert3
869 3396 1110 3474 repetundarum
1125 3395 1306 3458 reusiectus
1320 3407 1367 3458 eet
1382 3415 1403 3455 e
1418 3394 1460 3454 Ill.

359 3497 476 3565 Bruto,
507 3508 596 3574 quem
616 3494 808 3555 accusatorio
833 3495 898 3555 vite
918 3515 937 3556 c
958 3495 1130 3576 majoribus
1153 3497 1339 3574 degenerem
1358 3494 1464 3556 ‘multis

360 3593 440 3657 locis
457 3591 570 3654 Cloero
583 3589 772 3664 diffamavit3
787 3592 821 3652 In
832 3611 893 3672 que
912 3611 1002 3654 cause
1017 3594 1175 3656 orationes
1195 3593 1340 3675 utrinque
1354 3591 1465 3654 habites
1485 3647 1491 3658 ,

359 3693 494 3756 Charisii
507 3707 647 3776 tempore
658 3691 831 3753 exstabant.
849 3694 970 3755 Deinde
982 3693 1098 3776 judicie
1108 3693 1203 3755 subiit
1217 3715 1237 3755 a
1248 3695 1309 3757 Gn.
1328 3693 1464 3755 Domitio

362 3789 439 3852 trib.
458 3790 522 3871 ph,
541 3792 582 3872 Q.
598 3789 757 3872 Gaepmrie,
779 3789 820 3871 Q.
844 3791 981 3863 llario...
1005 3787 1141 3883 Omnino
1161 3809 1241 3872 sepe
1255 3792 1465 3872 periclitatum

363 3887 517 3948 Asconius
542 3887 714 3949 adnotavit.
738 3889 816 3948 Eret
843 3899 944 3948 nutem
966 3885 1145 3949 Domitiano
1169 3889 1326 3950 accusatio
1345 3905 1402 3963 ea,
1430 3897 1465 3946 ut

367 4117 410 4255 so*
427 4117 488 4168 Non
508 4121 541 4186 Q.
567 4119 716 4173 Hortensio.
741 4117 811 4172 IiuIc
827 4117 898 4170 enim
920 4119 1104 4191 suffectus(e.
1126 4121 1159 4172 U.
1181 4121 1248 4190 645)
1274 4119 1311 4172 lt.
1338 4120 1464 4172 Aurelius

401 4217 491 4255 annis.
1077 4215 1081 4222 ’
1300 4235 1302 4240 .
