3288 5344
733 424 775 498 77

202 566 256 631 ltic
269 561 409 650 quidem,
425 573 459 624 ut
472 563 628 638 ostendat,
646 564 798 642 quomodo
812 559 971 646 sigillatim
986 563 1088 644 capita
1106 563 1233 628 diluerit
1252 585 1304 629 ac·

202 660 371 725 cusationis
386 658 483 742 (conl.
501 661 584 722 Non.
603 677 635 720 v.
655 658 746 738 Legi,
761 679 794 742 p.
809 661 861 738 63,
874 657 944 742 lssit
968 660 996 721 is
1015 658 1140 740 inquam
1157 663 1246 726 locus
1264 664 1303 724 de

202 783 318 843 genere
331 760 463 824 actionis
476 759 555 822 nibil
568 757 688 822 delinit.
712 762 756 822 At
768 758 904 824 ambitus
918 760 1012 822 luisse
1024 773 1089 821 tum
1105 781 1124 823 e
1139 759 1303 827 Severiam

203 859 307 924 verbis
317 860 439 921 elucere
450 857 586 933 ridetur,
599 855 653 938 qni
670 860 821 938 pecunias
838 878 892 920 reo
909 857 1049 940 objectas
1061 877 1127 920 esse
1140 858 1227 934 dicit,
1242 860 1303 920 hoc

202 967 248 1019 est
265 975 330 1018 non
344 966 452 1036 captas
465 955 520 1015 sed
534 950 733 1031 distributas3
759 967 792 1016 et
808 954 924 1016 diserte
943 966 1076 1016 testatur
1094 954 1245 1016 Asconius
1265 955 1305 1015 ad

200 1053 257 1122 or.
277 1057 312 1116 in
330 1065 404 1134 toga
418 1051 551 1119 candida
564 1073 597 1136 p.
611 1051 691 1116 1053
706 1055 755 1116 ed.
767 1055 845 1116 Ern.
859 1051 908 1138 (p.
923 1051 963 1117 88
974 1053 1023 1116 ed.
1036 1050 1159 1138 orell).
1185 1054 1305 1116 Deinde

201 1151 351 1213 Ernestus
372 1148 462 1212 adh.
482 1149 505 1212 l.
528 1149 711 1213 Menardum
730 1149 856 1214 videtur
874 1150 1126 1234 reprehendere,
1143 1151 1223 1231 quod
1242 1169 1305 1216 non

203 1247 398 1323 concoxerit,
416 1267 435 1310 a
452 1245 563 1324 Lollio,
580 1267 645 1309 nou
659 1267 678 1310 a
691 1247 796 1312 Gallio
812 1259 990 1312 accusatum
1004 1249 1046 1332 Q.
1061 1246 1235 1324 Calidium,
1260 1247 1302 1308 Μ.

202 1359 339 1430 patrem,
357 1367 448 1430 quem
467 1345 549 1412 iilius
567 1346 622 1410 illo
636 1349 811 1410 accusando
826 1349 908 1410 ultus
921 1361 979 1411 est.
1002 1349 1063 1413 Sed
1078 1347 1225 1410 Asconius
1240 1357 1305 1406 tum

76 1532 78 1537 ,
202 1445 282 1520 l.c.,
299 1446 560 1521 tumadVerr.l,
577 1443 627 1518 13,
650 1442 765 1510 diserte
785 1446 937 1522 Gallium,
959 1465 1023 1508 non
1045 1445 1178 1508 Lollium
1196 1444 1302 1506 habet.

201 1543 290 1626 Quid·
297 1544 392 1626 igitur
404 1545 504 1610 Lollio
518 1557 699 1608 accusatore
712 1545 911 1610 iaciendum?
933 1547 1083 1608 Ernestus
1103 1547 1171 1628 ejus
1191 1563 1304 1606 nornen

202 1640 315 1724 ubique
328 1640 475 1706 Gallieno
488 1640 613 1703 videtur
625 1642 813 1705 substituere
825 1643 917 1706 velle.
933 1642 1066 1705 Mediam
1081 1642 1165 1704 viam
1178 1641 1306 1721 Pighius

199 1741 285 1818 iniit,
302 1742 355 1824 qui
368 1741 500 1805 Lollium
514 1741 756 1824 subscriptorem
770 1757 874 1807 vocat.
891 1745 930 1805 Et
939 1745 984 1807 sic
996 1743 1134 1826 prolecto
1148 1757 1210 1818 est3
1226 1743 1306 1824 quod

202 1838 230 1900 si
241 1837 498 1902 honorificentius
511 1858 581 1900 eum
591 1839 704 1902 Cicero
718 1841 902 1922 appellauit,
921 1842 960 1902 ud
974 1839 1157 1920 dignitatem
1173 1840 1307 1904 hominis

201 1941 387 2018 augendam,
398 1957 456 2020 pro
467 1937 620 2002 causasut't
629 1939 714 2001 fecit.
724 1942 765 2003 Et
775 1941 953 2002 damnatum
966 1941 1009 2022 Q.
1021 1939 1174 2003 Calidium
1187 1961 1225 2003 ex
1236 1940 1305 2004 Ciu.

201 2037 294 2098 Verr.
313 2037 336 2098 1.
354 2057 383 2099 c.
400 2047 433 2098 et
446 2035 593 2111 Asconio,
610 2049 676 2097 tum
690 2048 723 2098 et
736 2055 776 2098 ex
790 2035 847 2100 Or.
864 2056 923 2118 pro
937 2038 1046 2100 Plano.
1066 2057 1096 2100 c.
1115 2037 1169 2109 29,
1186 2055 1306 2116 cogno-

201 2133 327 2196 scimus.
352 2133 395 2194 At
414 2131 536 2198 Gallius
555 2135 600 2194 M.
619 2131 739 2195 Calidio
757 2145 923 2197 accusante
943 2131 1111 2196 absolutus.
1139 2135 1177 2196 ld
1198 2134 1306 2196 saltem

200 2229 286 2293 locus
299 2230 332 2291 in
347 2232 444 2292 Bruto
457 2231 580 2292 videtur
590 2229 780 2309 significare.
805 2233 916 2294 Cetera
931 2233 969 2292 de
981 2231 1041 2292 bac
1056 2249 1148 2293 causa
1166 2231 1307 2292 sollerter

200 2327 333 2390 absolvit
347 2328 543 2411 Spaldingius
563 2329 603 2390 ad
620 2328 752 2410 Quintil.
769 2331 855 2402 Vlll,
876 2329 907 2404 3,
929 2331 980 2404 66,
997 2327 1086 2410 cujus
1099 2328 1198 2392 verba
1217 2329 1306 2411 poni·
1411 2325 1414 2332 '

201 2448 286 2491 mus:
300 2432 496 2492 «Accusatus
509 2441 556 2492 est
571 2451 590 2492 a
605 2431 647 2492 Μ.
660 2431 822 2495 Calidio...
836 2445 868 2494 et
882 2433 1046 2494 admistum
1062 2451 1161 2496 causae
1172 2431 1307 2493 ambitus

205 2520 368 2614 [addimns,
386 2530 426 2589 ad
445 2530 619 2607 augendam
636 2529 772 2592 hominis
788 2523 953 2618 iuvidiam]
973 2530 1092 2594 crimen
1107 2529 1252 2594 veneficii
1272 2531 1306 2592 in

199 2622 319 2688 Calidio
334 2637 514 2690 accusatore
528 2622 681 2687 tentati...
705 2627 778 2689 llaec
798 2628 937 2690 convivii
956 2627 1105 2690 luxuriosi
1124 2626 1303 2709 descriptio,

198 2723 232 2785 iu
247 2744 307 2807 qno
320 2739 463 2804 versatus
475 2725 570 2788 inerit
580 2724 702 2788 Gallius
719 2727 885 2804 unguentis
900 2727 1026 2798 oblitus,
1042 2727 1204 2788 redimitus
1217 2745 1306 2789 coro·

199 2825 248 2888 nis
259 2831 350 2904 (nam
368 2840 568 2908 apponuntur
586 2823 653 2883 baee
672 2843 792 2905 quoqne
806 2827 888 2906 apud
906 2823 1073 2906 Aquilam),
1092 2839 1195 2908 potest
1206 2827 1307 2886 videri

200 2936 541 3002 parumxconsentanea
562 2917 735 2982 defensioni
750 2917 902 3004 (Coeliana
918 2922 1042 3003 quidem
1061 2934 1108 2983 est
1128 2922 1162 2982 in
1182 2941 1306 2985 accuse

202 3017 289 3079 tione
300 3017 332 3092 t,
347 3017 459 3079 2extr.
472 3030 504 3080 et
519 3019 713 3082 accusatorie
729 3020 907 3082 convivium
917 3019 1085 3083 Verrinum
1099 3030 1188 3081 notat
1199 3021 1230 3096 5,
1240 3021 1304 3106 tt),

201 3120 256 3182 seu
270 3118 420 3201 suspicor,
438 3117 498 3181 hoc
513 3121 699 3202 pertinuisse
720 3123 760 3182 ad
781 3121 961 3184 diluendum
982 3121 1102 3183 crimen
1120 3121 1250 3197 veneni,
1272 3135 1307 3183 ut

199 3215 322 3280 Gallius
332 3217 550 3279 ostenderetur
564 3219 767 3282 alienissimus
780 3219 820 3281 ab
834 3219 955 3282 insidiis
966 3218 1120 3282 struendis
1131 3219 1165 3282 iu
1177 3239 1214 3282 ea
1225 3225 1306 3282 com·

199 3318 379 3399 potatione,
396 3318 450 3380 ubi
468 3319 529 3381 sibi
548 3320 615 3402 ipse
634 3325 698 3382 n'on
720 3320 852 3384 cavisset
868 3321 1094 3384 atemulentia.
1111 3348 1126 3379 ι
1150 3323 1307 3385 Hactenus

198 3415 264 3480 ille.
285 3416 441 3480 Discimus
454 3435 494 3480 ex
508 3417 656 3497 Assertio,
673 3431 776 3483 actam
790 3439 914 3483 causam
929 3441 948 3484 a
961 3421 1115 3486 Cicerone
1129 3423 1306 3484 consulatus

200 3514 375 3578 candidato.
394 3515 446 3579 Sic
459 3527 546 3599 recte
559 3531 721 3582 senserant
732 3517 797 3600 jam
810 3517 953 3582 Schottus
966 3539 998 3602 p.
1013 3518 1087 3590 318,
1101 3528 1134 3579 et
1146 3517 1306 3582 Fabricius

200 3627 310 3678 contra
319 3615 479 3696 sigonium
493 3617 546 3699 qui
559 3617 593 3680 in
609 3639 726 3680 annum
736 3619 796 3684 688
805 3622 980 3701 ponendam
991 3630 1166 3682 censuerat.
1181 3617 1305 3682 Oratio·

201 3731 274 3772 nem
283 3711 397 3776 Calidii
407 3713 441 3774 in
456 3714 497 3795 Q.
513 3715 673 3778 Corcillum
692 3736 784 3797 quam
791 3717 889 3780 habet
898 3717 1015 3781 Nonius
1027 3735 1058 3799 p.
1072 3714 1133 3778 543
1145 3709 1206 3804 [i],
1218 3723 1304 3798 equi·

200 3797 271 3858 dem
285 3795 319 3858 in
333 3796 372 3878 Q.
384 3797 522 3859 Gallium
536 3801 768 3865 inscribendam
782 3805 873 3876 duco.

243 3894 331 3959 Alius
339 3909 387 3960 est
398 3900 436 3962 L.
450 3897 553 3964 Julius
563 3899 702 3966 Calidius
719 3902 755 3980 (l.
771 3901 952 3967 Calidianus
963 3902 1090 3987 )poeta;
1106 3923 1137 3966 v.
1150 3905 1239 3968 Voss.
1255 3906 1305 3970 De

201 4006 297 4074 poett.
310 3993 392 4058 Latt.
408 4015 440 4077 p.
454 3996 506 4060 25.

243 4083 294 4157 59.Ι
317 4096 435 4160 Verum
449 4117 489 4160 ex
500 4097 669 4162 uberrimis
685 4099 849 4165 Ciceronis
860 4099 1121 4184 disputationibus
1135 4117 1200 4168 tum
1215 4103 1303 4167 docti

202 4187 301 4270 nubi,
315 4205 380 4256 tunt
395 4208 426 4258 et
439 4196 618 4277 eloquentes
631 4195 831 4263 exstiterunt.
846 4196 926 4262 lluio
936 4196 1021 4263 enim
1036 4198 1105 4266 viro
1118 4197 1169 4284 (nt
1185 4201 1218 4265 in
1235 4200 1305 4266 aliis
