3212 5326
329 599 352 670 2
378 613 419 668 τὴν
434 614 563 684 ἡγεμονίαν
584 615 631 664 άπὸ
649 615 735 673 ταύτης
751 619 791 673 τῆς
807 613 945 686 δυνάμεως,
963 616 978 670 ἣ
995 617 1065 685 μέρος
1082 615 1164 684 μικρὸν
1186 617 1251 686 αὐτῷ
1271 614 1421 676 Μακεδονίας
1438 620 1480 668 οὐκ
1502 624 1506 634 ’

378 713 463 782 ἤρκεσε
482 711 638 782 διαφυλάξαι.
655 714 697 769 Μὴ
715 720 798 766 τοῦτον
813 711 851 766 οὖν
872 713 1020 776 άπαλλάξιιν
1036 712 1141 784 νομίζετε
1162 715 1318 786 ποιησάμενοι
1336 718 1415 786 φὶλσνῖ,
1431 720 1485 770 ἀλλ’

380 809 479 868 ἐκείνους
501 809 630 871 ἐπάξεσθαι
649 813 877 881 καταφρονήσαντας
902 812 967 881 ὑμῶν
989 812 1020 869 ὡς
1038 813 1110 861 πᾶσιν
1133 809 1341 884 ιύιοατιργάσιων,
1360 814 1380 864 ti
1397 816 1485 888 Πύρρος

380 909 460 963 ἄπεισι
478 910 512 980 μὴ
529 907 584 968 δοὺς
603 907 671 965 δίκην
687 905 718 961 ὧν
733 911 840 981 ὕβρισεν,
860 909 923 962 riht&
942 909 984 962 καὶ
1002 911 1141 980 πρσςλαβὼν
1164 911 1243 980 μισθὸν
1262 919 1303 964 τοῦ
1321 915 1483 987 ἐπεγγελάσαι

380 1015 521 1086 Ῥωμαίοις,
537 1013 697 1083 Ταραντίνους
713 1011 755 1064 καὶ
769 1013 892 1072 Σαυνίτας.
915 996 1058 1061 Pertinet
1073 1011 1176 1061 autem
1193 1001 1295 1062 0111110
1310 1003 1350 1062 ad
1366 1023 1480 1066 annum

378 1106 420 1170 U.
438 1121 466 1164 c.
481 1099 556 1160 413.

419 1206 556 1271 Isidorus
573 1209 683 1287 Origg.
699 1209 728 1280 I,
745 1207 798 1280 31,
814 1207 834 1268 2
850 1232 859 1266 =
890 1206 1038 1269 «Primus
1052 1207 1134 1288 apud
1147 1207 1274 1269 Graecos
1287 1207 1482 1293 Pherecydes

377 1311 484 1391 Syrius
499 1308 574 1393 (nou
587 1306 700 1391 Syrus)
723 1308 823 1368 soluta
837 1305 979 1367 oratione
999 1301 1136 1386 scripsit,
1160 1307 1241 1386 apud
1256 1307 1411 1369 Romanos
1430 1329 1480 1369 an·

377 1425 440 1473 tem
455 1414 579 1490 Appius
594 1409 702 1470 Caecus
715 1410 863 1468 adversus
869 1405 1027 1486 Pyrrhum
1038 1405 1173 1466 solutam
1185 1413 1353 1468 orationem
1366 1412 1481 1490 primus

377 1512 529 1573 exercuit.
544 1537 558 1566 ι
574 1510 679 1570 Dictio
694 1509 786 1589 hujus
799 1505 862 1568 uiri
872 1518 940 1569 erat
952 1527 1000 1580 ea,
1018 1520 1053 1566 nt
1067 1505 1230 1568 Ciceronis
1240 1521 1380 1590 tempure
1392 1532 1478 1574 nemo

377 1628 465 1688 paene
479 1607 685 1686 eumlegeret,
702 1607 755 1669 sed
770 1605 896 1669 seneca
907 1605 1098 1685 temporibus
1109 1604 1235 1666 inerunt
1245 1606 1355 1681 multi,
1369 1607 1421 1688 qui
1435 1609 1480 1670 ui·

377 1707 439 1768 mio
449 1703 644 1786 antiquitatis
658 1725 763 1767 amore
774 1706 814 1765 ad
825 1705 959 1786 Appium
974 1702 1228 1765 revertebantur.
1243 1703 1390 1785 Legimus
1400 1708 1479 1769 euin

381 1810 415 1870 in
427 1807 566 1891 Epistola
584 1805 702 1870 CXIV:
725 1804 843 1868 «Multi
861 1825 901 1866 ex
919 1804 1021 1866 alieno
1032 1803 1141 1866 saculo
1157 1817 1268 1886 petunt
1283 1806 1395 1882 verba,
1412 1809 1479 1870 duo·

380 1906 480 1968 decim
503 1903 624 1967 tabulas
641 1906 838 1986 loquuntur:
866 1901 1022 1962 Gracchus
1042 1901 1103 1962 illis
1126 1914 1158 1962 et
1185 1903 1312 1984 Crassus
1332 1918 1366 1966 et
1392 1905 1479 1966 Curio

376 1999 468 2064 nimis
478 2003 555 2064 culti
565 2015 597 2064 et
611 2013 753 2064 recentes
764 2013 847 2075 sunt,
865 2001 905 2062 ad
913 1999 1052 2078 Appium
1065 2017 1161 2080 usque
1173 2012 1204 2062 et
1218 2001 1257 2062 ad
1271 2000 1476 2063 Coruncauum

375 2102 518 2160 redeunt.
539 2125 554 2154 u
568 2130 612 2149 ψ-
627 2096 772 2176 Intelligo
786 2109 901 2181 praetcr
916 2096 1048 2176 Appium
1063 2107 1203 2156 nostrum
1228 2093 1265 2158 C.
1288 2099 1474 2174 Gracchum,

374 2201 410 2260 L.
432 2195 588 2260 Licinium
604 2193 761 2272 Crassum,
782 2197 818 2260 C.
836 2191 1037 2258 Scribonium
1048 2192 1218 2256 Curionem
1234 2216 1327 2258 avum
1348 2210 1380 2260 et
1393 2199 1479 2260 Tibe·

374 2297 455 2360 rium
470 2299 705 2372 Coruncanum,
728 2295 829 2379 quiin
846 2287 1001 2360 Cicerone
1015 2293 1227 2357 Coruncanius
1239 2297 1366 2361 dicitur.
1382 2299 1477 2364 Porro

375 2395 408 2460 in
423 2399 555 2478 Dialcgo
570 2401 608 2460 de
626 2411 720 2461 oratt.
735 2418 766 2460 c.
785 2396 845 2485 182
874 2398 978 2458 «Num
991 2393 1165 2459 dubitamus
1179 2393 1333 2476 inventos,
1352 2402 1405 2482 qui
1416 2422 1476 2484 prae

374 2499 493 2564 Catone
506 2500 646 2581 Appium
663 2501 788 2562 Coecum
797 2499 897 2578 magis
911 2496 1144 2560 mirarenturi’»
1156 2502 1196 2563 Et
1211 2521 1240 2563 c.
1259 2497 1317 2563 21:
1334 2501 1477 2566 «Asinius
1568 2515 1573 2524 '

277 2633 280 2644 ι
375 2621 561 2683 quamquam
576 2590 778 2686 propioribus
797 2599 990 2682 temporibus
999 2613 1090 2662 natus
1105 2598 1157 2675 sit,
1171 2601 1294 2664 videtur
1308 2604 1383 2666 mihi
1399 2605 1477 2667 inter

375 2693 534 2763 Menenios
547 2714 580 2764 et
595 2700 720 2778 Appios
732 2700 895 2762 studuisse.
913 2724 928 2776 ο

416 2800 665 2885 PomponinsDe
680 2798 761 2882 orig
774 2800 866 2884 juris,
885 2799 1007 2880 Digest.
1028 2797 1057 2874 1,
1075 2793 1106 2874 2,
1123 2799 1187 2862 36:
1204 2801 1322 2883 Appius
1335 2737 1477 2864 Claudius

376 2898 414 2960 de
425 2899 592 2982 Pyrrhum
607 2899 695 2966 Urbe
706 2920 771 2964 nou
783 2898 964 2981 recipiendo
974 2891 1163 2960 senteutiam
1177 2896 1271 2960 tulit.
1264 2899 1372 2961 ·bunc
1384 2901 1475 2962 etiam

373 3001 510 3056 actiones
524 2996 698 3078 scripsisse,
711 2995 862 3058 traditum
871 3008 937 3071 est3
952 2995 1088 3078 primum
1099 2995 1138 3056 de
1148 2995 1410 3077 usurpationibus,
1428 2998 1476 3078 qui

373 3089 456 3152 liber
472 3110 535 3153 nou
550 3103 660 3153 exstat.

562 3303 609 3373 11.
637 3302 683 3394 Q.
701 3300 838 3373 Fabius
857 3300 1043 3374 Maximus
1063 3299 1280 3392 Cunctator.

417 3495 608 3556 Memoratur
622 3492 688 3574 ejus
702 3493 853 3553 Laudmio
866 3493 971 3552 Marci
969 3493 1003 3574 fi
1006 3493 1042 3552 lu·
1046 3537 1053 3552 .

380 3656 382 3662 .
415 3595 484 3659 Cic.
504 3595 575 3659 Cat.
593 3594 668 3674 maj.
692 3615 721 3672 c.
743 3593 777 3668 1,
796 3594 858 3655 12:
875 3593 973 3655 Multa
987 3593 1021 3654 iu
1042 3593 1139 3656 Fabio
1153 3595 1306 3676 praeclara
1330 3599 1470 3676 cognovi,

373 3698 427 3759 sed
437 3697 517 3758 nihil
527 3707 574 3758 ert
586 3692 811 3767 admirabilius,
829 3715 921 3778 qnam
936 3679 1087 3776 quomodo
1104 3694 1157 3758 iile
1174 3707 1306 3758 mortem
1317 3695 1376 3760 filii
1391 3699 1470 3773 tulit,

326 3794 347 3862 3
374 3795 452 3856 clari
464 3795 527 3858 riri
541 3807 573 3857 ct
587 3791 769 3858 consularis.
783 3793 839 3854 Est
851 3798 883 3851 in
893 3791 1035 3852 manibus
1049 3793 1181 3854 laudatio
1193 3819 1204 3853 .·
1220 3813 1313 3876 quam
1323 3817 1393 3860 curn
1402 3798 1471 3878 legi·

376 3911 463 3966 mus,
485 3911 575 3972 quern
590 3891 805 3974 philosophum
820 3910 884 3953 uon
899 3890 1148 3953 contemnimus?

411 4029 491 4102 Filii]
512 4032 609 4100 Quinti
622 4033 708 4093 Fabii,
722 4050 801 4102 quem
812 4048 873 4082 curn
884 4031 993 4084 Catonis
1002 4030 1118 4083 censorii
1126 4032 1183 4084 filio
1192 4051 1276 4104 usque
1286 4034 1351 4086 adeo
1360 4032 1476 4086 confudit

444 4113 595 4180 Gernbard.
612 4117 641 4167 in
655 4115 746 4168 Indice
761 4114 792 4165 ad
805 4115 864 4165 Cat.
879 4111 917 4164 Μ.
932 4131 960 4183 p.
979 4114 1040 4178 304,
1055 4126 1087 4166 ut
1099 4113 1151 4186 ipsi
1163 4115 1268 4179 Catoni,
1283 4135 1338 4168 uon
1352 4118 1387 4184 Q.
1403 4115 1477 4167 Fabio

444 4197 566 4260 Maximo,
585 4199 731 4251 orationem
748 4197 887 4250 funebrem
901 4197 934 4250 de
948 4196 1005 4250 filio
1023 4197 1161 4250 tribueret.
1177 4199 1259 4252 Nemo
1276 4213 1365 4253 autern
1385 4217 1475 4254 menc-

440 4284 485 4337 n'ae
499 4282 618 4346 tradidit,
631 4283 687 4336 filio
700 4295 805 4336 mortuo
818 4284 859 4352 (a.
874 4284 908 4335 11.
926 4283 993 4351 601)
1005 4281 1184 4335 laudationem
1199 4282 1329 4337 habuisse
1341 4286 1473 4352 Catonem,
