3288 5344
696 449 738 523 47

169 585 285 648 solatus
307 586 355 648 sui
378 583 506 665 consilia
526 604 583 668 pro
605 585 756 648 concione
776 586 964 668 exposuerit,
988 588 1086 670 ipsum
1107 593 1263 658 dicentem

168 680 247 743 facit
258 680 325 744 Cic.
338 685 385 744 De
401 695 480 744 orat.
501 684 545 756 ll,
562 684 612 742 ll.
639 683 685 742 Ex
698 683 759 742 boc
772 682 841 744 loco
862 703 980 746 errasse
1000 687 1139 765 Pighium
1157 691 1266 756 recisi.

169 776 244 840 mile
259 778 306 854 fit,
319 778 372 860 qui
387 777 562 842 consulibus
572 775 709 842 Antonio
724 779 937 842 Macedoniam
966 783 1124 848 Postumio
1144 789 1265 852 ltaliam

169 875 315 954 obtigisse
337 875 467 940 censuit.
495 877 564 938 Nou
582 875 736 938 fefellerat
755 895 826 938 eum
845 877 930 940 locus
950 878 1189 959 Ciceronianus,
1211 889 1265 950 sed

168 971 292 1044 callide,
312 971 451 1036 habitam
472 974 639 1036 testimonii
653 975 721 1037 loeo
736 972 909 1038 orationem
930 979 968 1040 de
990 981 1149 1042 consulatu
1170 985 1265 1048 inter·

168 1083 322 1152 pretatur,
344 1085 510 1153 antequam
522 1073 557 1134 in
573 1071 767 1153 provinciam
779 1072 893 1136 abiret.
918 1074 979 1136 Sed
1001 1081 1154 1157 quomodo
1176 1082 1268 1144 totius

168 1173 345 1242 consulatus
359 1171 489 1238 consilia
503 1193 675 1255 exponere,
692 1174 846 1254 quomodo
867 1177 1085 1242 anctoritatem
1106 1184 1145 1242 ad
1166 1182 1267 1263 repri-

168 1277 296 1338 mendos
305 1273 468 1340 seditionis
477 1273 628 1355 igniculos
637 1275 787 1338 adhibere
797 1275 910 1358 potuit,
920 1277 979 1340 nisi
991 1281 1104 1342 mansit
1115 1283 1148 1342 in
1157 1284 1269 1346 ltalia?

167 1375 277 1454 Neque
292 1388 360 1436 erat
372 1393 409 1436 eo
421 1388 573 1457 tempore,
590 1393 646 1436 eur
657 1375 690 1436 in
703 1370 928 1448 Macedoniam,
945 1373 1033 1456 qnasi
1050 1379 1089 1438 ad
1100 1397 1196 1455 grave
1207 1381 1269 1442 bel·

166 1469 245 1544 lum,
256 1472 365 1534 consul
377 1492 414 1533 eo
423 1469 613 1554 potissimum
624 1468 763 1532 civitatis
772 1482 855 1532 statu
866 1471 1052 1534 mitteretur.

211 1567 311 1628 Movit
319 1569 472 1648 Pigbium,
488 1570 569 1650 quod
581 1566 742 1630 seditiosus
758 1567 849 1628 bomo
864 1568 901 1630 C.
920 1569 1094 1634 'Norbanus
1111 1571 1150 1634 ab
1170 1574 1265 1636 Anto·

167 1663 234 1738 nio,
253 1684 304 1747 ap.
322 1665 389 1729 Cic.
409 1667 457 1728 De
474 1678 554 1728 orat.
573 1666 616 1737 ll,
633 1663 686 1739 48,
705 1663 766 1726 sibi
781 1675 913 1744 quaestor
927 1667 1047 1728 additus
1063 1667 1188 1730 dieitur.
1204 1671 1266 1734 Sed

167 1781 239 1824 cnm
247 1763 389 1844 praesidio
397 1763 437 1824 ab
447 1764 525 1826 urbe
532 1763 645 1826 aluisse
654 1762 824 1844 paulisper,
832 1760 943 1826 Cicero
953 1777 1065 1828 notans
1070 1767 1132 1828 Pro
1139 1767 1263 1830 Cluent.

168 1881 199 1922 e.
214 1861 266 1936 50,
282 1866 345 1926 Pro
361 1862 473 1926 Rabir.
492 1863 585 1924 Perd.
605 1880 633 1922 c.
650 1861 667 1924 9
676 1903 685 1933 ,
702 1861 775 1922 coll.
792 1862 821 1936 l,
839 1881 962 1924 causam
974 1863 1065 1926 simul
1080 1868 1192 1947 aperit,
1208 1888 1269 1930 eur

166 1977 349 2044 quesmrem
359 1965 514 2028 babuerit.
531 1966 610 2026 Nam
624 1963 678 2043 qni
689 1961 811 2024 ltaliam
825 1983 894 2024 cum
908 1964 1051 2046 imperio,
1062 1969 1208 2031 turnultus
1217 1971 1268 2032 vel

165 2065 329 2128 seditionis
338 2067 388 2128 vel
399 2065 573 2147 questionis
585 2083 688 2138 causa,
699 2062 894 2146 provinciam
906 2065 1075 2142 habebant,
1087 2083 1268 2148 quatorem

165 2183 274 2229 secum
287 2163 404 2226 babere
418 2181 543 2228 neeesse
552 2161 622 2224 init.
638 2161 809 2224 Censorem
818 2162 912 2240 gessit
927 2165 968 2224 M.
981 2167 1136 2228 antonius
1149 2187 1219 2228 cum
1231 2170 1266 2230 L.

165 2263 295 2328 Valerio
307 2266 419 2328 Flacco
434 2285 464 2326 a.
479 2262 553 2328 656.
563 2264 641 2326 Cum
652 2264 694 2324 Μ.
712 2263 896 2334 Duronium,
914 2267 1112 2347 sumptuariae
1125 2268 1202 2346 legis
1214 2269 1270 2330 tol·

164 2365 266 2426 lendoe
278 2365 312 2426 in
327 2365 488 2428 tribunatu
501 2377 671 2435 auctorem,
687 2374 796 2426 senatu
814 2365 972 2439 movisset,
988 2367 1089 2430 media
1106 2367 1146 2430 ab
1161 2370 1269 2432 eodem

168 2481 300 2549 censura
310 2487 382 2530 reus
394 2469 433 2530 de
446 2467 564 2530 ambitu
578 2467 678 2529 iactus
691 2477 748 2528 est.
766 2465 887 2528 Falsum
901 2480 948 2529 est
957 2480 1072 2543 autem,
1086 2471 1167 2550 quod
1178 2470 1267 2549 Pigb.

167 2583 201 2644 p.
217 2564 276 2628 189
285 2567 367 2628 banc
377 2565 510 2628 ambitos
520 2585 643 2628 causam
653 2564 769 2626 dictam
781 2583 844 2626 non
856 2581 922 2627 esse
933 2567 1040 2628 tradit.
1052 2566 1177 2629 Diserte
1187 2568 1270 2630 enim

168 2660 207 2724 C.
221 2659 311 2725 Caelii
323 2663 357 2724 iu
372 2681 410 2724 ea
424 2661 634 2724 testimonium
646 2659 771 2722 exhibet
785 2659 939 2722 Antonius
957 2682 1008 2744 ap.
1028 2661 1096 2724 Cio.
1120 2664 1167 2724 De
1185 2680 1268 2727 orat.

169 2763 278 2835 1167.
298 2763 358 2826 Sed
372 2762 549 2844 plenissime
563 2760 748 2832 absolutum,
765 2761 846 2838 quod
864 2779 955 2822 nemo
973 2763 1008 2822 in
1025 2762 1093 2822 ioro
1106 2763 1271 2840 gratiosior

169 2874 250 2935 erat,
266 2859 406 2942 quamvis
420 2863 505 2924 nullo
519 2858 705 2929 affirmante,
721 2853 814 2918 lacile
828 2855 996 2920 credimus.
1013 2860 1090 2920 Nam
1102 2863 1272 2926 Antonium

171 2959 451 3041 apericlitantibus
459 2957 593 3022 maxime
605 2953 776 3039 expetitum
786 2952 879 3018 luisse
887 2953 956 3018 Cic.
970 2958 1059 3018 Brnt.
1072 2977 1102 3019 c.
1115 2961 1272 3034 statuo·

171 3053 266 3130 tavit,
287 3075 387 3136 neque
399 3051 588 3118 fastidiosum
606 3050 640 3114 iu
660 3049 854 3133 recipiendo,
878 3050 1017 3132 quamvis
1037 3055 1076 3116 de
1092 3053 1165 3134 jure
1184 3056 1271 3122 civili

173 3153 251 3216 nibil
265 3156 428 3218 admodum
448 3150 554 3216 sciret.
580 3155 641 3218 Sed
662 3149 764 3214 tenuis
785 3169 947 3214 causarum
968 3154 1177 3236 privatarmn,
1197 3179 1273 3240 quas

171 3256 286 3335 egerit,
308 3255 457 3320 memoria
478 3269 657 3336 superest...
678 3247 731 3341 [V.
752 3253 793 3316 ir.
816 3273 850 3336 p.
876 3253 1040 3346 tae-tta]

214 3353 295 3414 37...
317 3352 402 3415 Bello
422 3353 533 3414 Italico
557 3347 711 3412 Antonius
725 3350 764 3412 ab
778 3351 856 3412 urbe
875 3352 963 3424 afuit,
991 3373 1061 3414 oum
1087 3356 1138 3417 vel
1152 3357 1271 3436 legatus

170 3462 249 3512 esset
264 3449 316 3512 rel
332 3450 430 3512 ltaliae
448 3461 570 3532 partem
584 3447 729 3508 tuendam
744 3450 925 3533 accepisset,
941 3461 975 3510 ut
994 3469 1101 3512 omnes
1124 3451 1221 3516 ferme
1235 3477 1271 3518 ea

172 3561 352 3632 tempestate
373 3549 467 3612 rebus
486 3545 581 3628 gestis
593 3547 730 3628 insignes
756 3544 833 3630 (Cic.
863 3550 950 3610 Brut.
973 3569 1002 3610 c.
1026 3552 1091 3638 89).
1111 3549 1157 3612 De
1171 3566 1271 3615 morte

171 3648 301 3714 Antonii
317 3671 358 3714 ne
374 3671 440 3734 quae
456 3664 528 3714 nota
544 3660 627 3724 sunt,
644 3667 843 3729 exponamus,
861 3662 1004 3712 auctores
1016 3649 1187 3714 excitemus
1201 3653 1268 3718 Cic.

172 3750 220 3810 De
234 3755 315 3811 orat.
330 3749 391 3822 111,
410 3749 440 3823 3,
461 3748 516 3824 10,
537 3749 626 3810 Brut.
643 3765 671 3808 o.
686 3747 726 3808 89
733 3771 742 3824 ;
760 3746 871 3808 Vellei.
884 3748 926 3822 ll,
940 3746 997 3820 22;
1012 3747 1117 3810 Valer.
1131 3749 1213 3812 Max.
1226 3752 1269 3822 lI,

173 3847 204 3922 9,
219 3850 254 3924 ὃς
271 3849 358 3922 Vlll,
374 3851 405 3922 9,
418 3847 528 3922 2;·1x‚
543 3847 574 3920 2,
590 3845 626 3918 23
644 3841 713 3904 Liv.
727 3841 807 3928 Epit.
823 3846 949 3920 LXXX,
962 3847 1162 3910 Plutarchum
1173 3849 1272 3912 Mario

172 3967 202 4008 c.
222 3945 281 4023 443
299 3943 435 4028 Appian.
449 3945 528 4007 Bell.
543 3941 613 4006 Civ.
630 3941 656 4016 l,
671 3939 723 4003 tt.

211 4047 332 4116 ,Praeter
349 4045 468 4121 Crassi,
489 4041 592 4108 Catuli
612 4041 789 4123 utriusque,
801 4041 943 4126 'Caiique
959 4041 1089 4106 Cesaris
1109 4043 1272 4108 Strabonis

172 4145 414 4210 familiaritatem
426 4165 496 4208 cum
507 4141 651 4207 omnibus
659 4141 757 4206 ferme
771 4141 893 4224 maguis
904 4144 990 4220 viris,
1003 4145 1056 4227 qui
1069 4158 1144 4210 tnnc
1156 4161 1269 4220 essent,

172 4261 277 4312 mutua
290 4246 507 4313 benevolentia
518 4244 644 4326 junctus
657 4243 748 4308 luisse
762 4244 896 4308 videtur.
923 4246 1029 4326 Neque
1050 4265 1173 4310 causatu
1188 4247 1271 4310 ride·
