3212 5326
684 451 730 524 93

194 596 243 656 De
255 605 349 674 gente
358 592 484 656 Valeria
502 604 534 656 et
551 591 750 678 Messalarum
765 591 944 666 honoribus,
962 611 1036 673 quos
1050 595 1180 658 historia
1195 597 1255 660 lio·

153 715 247 759 mana
260 693 465 773 consignavit,
483 713 546 754 non
561 711 637 776 opus
651 705 698 754 est
710 692 875 756 disserere.
891 695 1016 755 Patrem
1031 709 1135 758 noster
1148 697 1259 784 babuit

153 797 195 856 M.
207 791 366 858 Valerium
380 791 551 862 Messalam,
565 791 619 872 qui
634 789 742 854 consul
756 792 817 853 fuit
828 811 898 853 cum
910 791 969 854 Cn.
981 785 1118 854 Domitio
1127 795 1257 858 Calvino

64 955 72 969 ,
154 917 185 958 a.
199 895 240 954 tt.
256 897 331 956 700.
354 893 404 955 Sic
418 906 504 954 recte
519 889 688 971 Burignius
701 894 723 954 l.
739 913 769 955 c.
791 893 854 956 Sed
867 894 905 954 de
920 892 1018 954 natali
1032 912 1114 954 anno
1128 893 1258 957 Corvini

153 1012 217 1054 non
232 991 403 1054 certissime
421 1001 554 1050 constat.
578 990 721 1070 Plerique
736 1010 810 1052 saue
818 1033 827 1062 ‚
844 1003 877 1050 et
888 988 974 1050 inter
987 989 1044 1052 hos
1056 989 1258 1052 recentissimi

152 1090 234 1159 iere,
251 1107 322 1148 cum
334 1085 466 1150 Eusebio
481 1105 507 1146 s.
520 1085 714 1170 Hieronymo
731 1085 948 1155 consentiunt,
966 1085 1018 1165 qui
1032 1087 1138 1146 natum
1152 1085 1259 1147 statuit

153 1191 194 1272 Q.
206 1189 341 1263 Metello,
359 1191 394 1248 1..
408 1189 539 1250 Afranio
552 1184 655 1262 Coss„
669 1189 728 1250 hoc
739 1199 788 1250 est
801 1207 832 1250 a.
846 1190 889 1254 U·
905 1187 978 1252 693.
987 1187 1104 1248 Verum
1114 1186 1197 1248 hanc
1211 1205 1260 1248 ra·

152 1289 269 1350 tionem
287 1289 398 1350 falsam
418 1307 502 1362 esse,
518 1289 632 1348 dudum
651 1285 757 1350 docuit
775 1305 910 1348 summus
927 1285 1069 1364 Scaliger
1089 1287 1128 1347 ad
1147 1285 1258 1347 Euseb.

153 1410 185 1470 p.
202 1391 274 1465 165,
292 1391 332 1451 ad
344 1410 372 1450 a.
386 1391 590 1462 MMXXV113
608 1389 690 1450 coni.
705 1391 839 1450 Masson.
854 1389 889 1449 in
900 1387 975 1450 Vita
988 1387 1093 1452 Ovidii
1108 1408 1139 1471 p.
1154 1389 1193 1450 Π
1208 1389 1258 1450 ed.

154 1487 324 1548 Burmann.
343 1488 483 1570 Quorum
498 1486 716 1568 disputationis
729 1487 794 1548 haec
808 1497 880 1546 sunt
894 1481 1010 1566 capita.
1026 1483 1174 1548 Eusebius
1185 1487 1261 1547 Mes·

154 1585 226 1647 salas
238 1598 370 1648 mortem
378 1585 507 1650 biennio
519 1600 593 1648 ante
605 1589 775 1666 Augustum
786 1584 972 1649 exstinctum
982 1587 1083 1667 ponit,
1096 1599 1128 1646 et
1141 1597 1261 1667 septua-

155 1685 318 1762 genarium
344 1685 563 1747 additisannis
591 1686 708 1748 duobus
724 1700 881 1748 mortuum
901 1703 966 1746 esse
984 1685 1062 1745 vult..
1087 1685 1127 1745 Et
1147 1681 1182 1744 in
1201 1685 1261 1745 lioc

154 1782 277 1861 quidem
291 1781 367 1844 alios
385 1771 479 1844 etiam
493 1781 724 1850 consentientes
737 1783 843 1844 habet.
859 1786 977 1845 Verum
991 1775 1062 1843 cum
1077 1781 1173 1843 variis
1186 1778 1261 1844 uvi-

153 1877 197 1940 dii
216 1879 304 1962 locis,
328 1891 363 1939 nt
385 1882 432 1942 Ex
451 1881 553 1940 Ponto
568 1882 596 1953 1,
611 1881 641 1951 7,
655 1880 708 1954 27,
722 1879 788 1961 jam
803 1877 992 1940 exstinctum
1004 1877 1112 1954 luisse,
1135 1899 1205 1941 cum
1226 1881 1260 1940 in

152 1977 294 2039 exsilium
309 1987 402 2057 poeta
415 1976 528 2052 abiret,
539 1977 701 2038 Messalam
715 1976 881 2051 alliciatur,
899 1989 930 2038 et
945 1977 1092 2056 Dialogus
1106 1978 1145 2037 de
1159 1987 1260 2038 orato·

152 2077 246 2140 ribus
255 2097 284 2138 e.
298 2077 350 2148 tt,
365 2077 448 2138 hune
463 2078 502 2138 ad
515 2077 650 2138 medium
665 2079 795 2157 Augusti
814 2075 1025 2160 principatum
1040 2079 1165 2138 durasse
1180 2095 1260 2138 asse·

154 2187 218 2249 rat,
229 2171 370 2234 Asinium
383 2185 485 2234 autem
495 2171 668 2236 Pollionem
680 2176 719 2236 ad
731 2189 913 2248 extremum,
925 2173 1115 2260 Eusebianos
1123 2175 1262 2236 rationes

156 2271 243 2352 sequi
264 2273 433 2334 nonlicet.
463 2271 562 2350 lgitur
582 2273 723 2352 Scaliger
743 2273 878 2336 natalem
900 2271 1036 2334 Messalae
1058 2291 1175 2333 annum
1196 2292 1262 2333 esse

157 2366 323 2431 valeret:
345 2369 426 2432 unde
445 2369 484 2430 ad
504 2389 534 2445 a.
549 2370 609 2432 756
625 2371 822 2452 septuaginta
836 2372 896 2430 duo
917 2371 993 2433 anni
1007 2369 1196 2433 efficiuntur.
1210 2367 1259 2432 lta

155 2483 246 2526 error
267 2465 392 2528 Eusebii
412 2465 446 2526 in
466 2471 504 2528 eo
530 2465 721 2543 continetur,
746 2469 827 2548 quod
849 2487 919 2529 eum
941 2481 1081 2530 extrema
1102 2479 1268 2530 senectute·

154 2572 310 2622 mortuum
333 2563 496 2656 Messalam
519 2575 696 2637 constaret,
710 2562 821 2627 natali
844 2585 928 2627 anno
951 2583 1118 2649 perperam
1141 2563 1259 2647 posito,

156 2671 282 2720 coactus
296 2670 358 2730 est,
375 2658 471 2720 vitam
485 2657 551 2739 ejus
569 2660 690 2738 lougius
704 2663 889 2741 producere.
913 2663 956 2722 At
970 2665 1126 2723 Massones
1140 2681 1262 2723 oausam

156 2754 249 2819 etiam
262 2759 381 2820 erroris
394 2757 539 2820 sollerter
553 2759 687 2839 aperuit.
710 2761 791 2820 Nam
803 2779 903 2822 annus
917 2781 1010 2822 verus
1024 2761 1160 2822 Messalae
1176 2775 1262 2823 nata·

155 2859 194 2926 lis
210 2859 272 2922 684
290 2861 430 2921 consules
451 2860 548 2922 habet
566 2861 609 2940 Q.
628 2859 786 2919 Metellum
807 2873 839 2919 et
859 2862 900 2942 Q.
923 2861 1140 2931 Hortensium,
1164 2881 1267 2922 annus

156 2973 260 3020 antem
275 2961 349 3032 693,
364 2960 406 3036 Q.
418 2959 588 3032 Metellum,
606 2961 659 3039 qui
673 2959 860 3038 cognomine
872 2959 963 3022 Celer
977 2973 1025 3022 est
1039 2962 1150 3036 dictus,
1172 2973 1204 3021 et
1226 2964 1260 3024 L.

155 3055 331 3116 Afranium.
346 3057 395 3116 lta
408 3055 441 3118 in
456 3053 633 3116 nominibus
645 3055 766 3118 erravit
779 3054 938 3116 Eusebius.
956 3055 1146 3118 Levissimus
1160 3070 1264 3120 autem

158 3153 326 3230 Burignius
337 3150 459 3232 luitqui
470 3152 493 3212 l.
507 3171 535 3212 c.
549 3171 582 3232 p.
597 3152 670 3226 101,
686 3148 767 3233 quod
782 3155 819 3213 ad
830 3163 962 3215 mortem
972 3152 1102 3215 Corvini
1113 3155 1267 3236 pertinet,

159 3269 230 3314 cum
244 3253 404 3332 scaligero
419 3251 510 3327 lacit,
532 3255 585 3314 sed
605 3254 639 3315 ia
658 3255 757 3316 natali
777 3273 861 3316 anno
881 3254 1096 3320 constituendo
1111 3275 1181 3318 cum
1196 3257 1265 3319 mli·

158 3351 228 3432 quis
239 3361 337 3414 errat.
354 3353 447 3412 Errat
458 3349 553 3412 etiam
567 3350 725 3414 Jobannes
739 3351 894 3414 lienricus
902 3351 1039 3423 Vossius,
1057 3363 1089 3413 et
1101 3354 1128 3414 is
1142 3354 1264 3435 quidem

158 3447 355 3512 aunum'694
376 3447 446 3510 sine
464 3448 527 3510 ullo
549 3448 660 3510 idoneo
680 3451 866 3512 documento
884 3448 1031 3531 probans.
1054 3451 1266 3532 Reperiuntur

158 3559 261 3608 autem
271 3545 375 3627 plures
384 3545 537 3624 rationes,
547 3544 659 3628 quibus
670 3546 868 3626 Scaligerana
881 3544 1071 3628 computatio
1087 3546 1180 3610 unice
1190 3569 1266 3612 vera

159 3640 345 3732 ostenditur.
366 3645 444 3706 Nam
458 3641 513 3706 vix
528 3641 695 3727 pueritiam
710 3664 868 3726 egressum
882 3663 962 3717 non,
982 3646 1088 3719 credo,
1103 3659 1265 3728 tantopere
1288 3707 1291 3714 ,

85 3809 88 3812 ,
161 3741 338 3817 timuissent
350 3741 520 3822 triumviri,
531 3761 566 3808 ut
576 3747 659 3808 hunc
669 3743 703 3808 iu
714 3746 825 3830 primis
836 3745 910 3810 etin
920 3743 1059 3808 civitatis
1069 3743 1266 3829 principibus

162 3838 421 3924 proscribendum
441 3857 599 3909 curarent.
622 3844 701 3906 Vide
716 3847 852 3928 Appian.
871 3845 908 3904 B.
928 3840 998 3905 eiv.
1018 3841 1075 3916 lV,
1097 3843 1150 3920 38,
1168 3841 1263 3907 Dion.

162 3935 303 4002 Cassium
324 3939 434 4014 XLlX,
455 3939 506 4002 16.
532 3942 655 4020 Neque,
676 3939 798 4004 etiamsi
819 3939 965 4002 tribunus
985 3935 1120 4002 militum
1140 3937 1263 4017 luisset,

161 4053 249 4102 tanta
261 4041 343 4102 lama
359 4061 427 4103 esse
440 4055 575 4124 poterat,
592 4055 626 4102 ut
640 4041 857 4126 pretermissis
871 4054 918 4105 tut
931 4039 1094 4102 honoratis
1108 4055 1140 4103 et
1153 4040 1266 4104 militia

162 4138 380 4218 duratissimis,
397 4143 484 4205 'bunc
501 4141 707 4228 potissimum,
727 4146 955 4207 adolescentem
970 4161 1123 4206 annorum
1138 4141 1266 4206 vixdum

164 4236 393 4318 duodeviginti,
419 4238 534 4304 milites
556 4245 665 4306 ducem
687 4262 796 4308 creare
811 4241 938 4306 vellent.
966 4238 1087 4316 Deinde
1109 4255 1155 4304 cst
1177 4261 1266 4321 argu·
