3288 5344
276 962 281 972 ⁵
413 975 1049 1108 PRAEMONITUM.

650 1323 834 1332 .-...—-—-—--

231 1523 416 1598 Librarius
438 1545 549 1620 quum
577 1521 614 1593 in
641 1533 801 1596 coesset
824 1533 863 1594 ut
883 1519 996 1595 Hunn.
1025 1521 1166 1596 Morem
1192 1523 1283 1594 Fro-

179 1663 324 1748 9mento
345 1662 528 1720 oratorum
547 1645 808 1730 Romanorum,
831 1645 1172 1743 praestantissimum
1191 1671 1283 1745 opus

177 1785 217 1847 et
237 1785 312 1846 tam
332 1769 511 1868 juventuti
529 1767 744 1843 academicae
763 1793 873 1866 quam
892 1768 1167 1846 iurisconsultis
1186 1772 1283 1846 aliis·

182 1917 252 1990 que
270 1890 386 1966 doctis
406 1891 496 1965 viris
514 1889 640 1964 Galliae
658 1891 762 1964 valde
779 1891 995 1988 expetitum,
1017 1893 1092 1966 suis
1110 1893 1205 1992 typis
1224 1919 1284 1969 or-

184 2017 313 2090 natius·
328 2027 525 2113 repeteret,
556 2038 615 2086 me
641 2010 744 2098 adiit,
771 2037 879 2109 quem
903 2013 1095 2091 adnotasse
1120 2019 1289 2116 quaedam

184 2139 229 2214 de
243 2139 314 2211 hoc
327 2137 422 2211 libro
440 2135 613 2210 audierat.
629 2135 707 2232 Ego
721 2134 879 2234 primum
899 2161 1073 2225 renuere;
1095 2137 1159 2216 sed
1173 2165 1286 2240 quum

184 2285 309 2336 rernm
331 2260 391 2334 iile
408 2258 635 2335 documentis
658 2257 749 2332 mihi
769 2262 1025 2358 perprobasset
1048 2263 1287 2342 Turicensem

185 2383 374 2464 librarium
387 2383 600 2482 longissime
612 2381 739 2458 abesse
752 2395 792 2456 ut
805 2407 938 2460 novam
955 2384 1151 2464 editionem
1165 2406 1284 2488 paret,

186 2529 302 2604 neque
320 2505 532 2580 doctissimo
552 2509 699 2604 Meyero
718 2503 911 2604 quicquam
930 2505 1055 2584 damni
1074 2511 1211 2588 illatum
1226 2513 1284 2600 iri,

186 2639 218 2714 si
244 2639 360 2714 aliena
387 2639 425 2712 in
451 2651 550 2712 terra
575 2640 799 2738 repeteretur
826 2629 939 2732 ipsius
964 2633 1084 2722 liber„
1107 2661 1227 2741 meam
1251 2637 1286 2714 ei

185 2786 311 2836 curam
335 2773 509 2858 praestare
530 2760 688 2836 decrevi.
710 2757 774 2833 His
797 2772 918 2834 autem
940 2758 1169 2858 potissimum
1194 2763 1287 2840 liber

186 2883 358 2980 optimus
374 2882 504 2980 dequo
522 2879 611 2978 quid
630 2879 784 2953 sentiam
805 2879 947 2976 pridem
967 2879 1006 2952 in
1026 2881 1147 2954 Jahnii
1165 2883 1287 2958 Anna·

187 3003 282 3076 libus
304 3003 429 3099 philol.
449 3000 618 3099 exposui,
646 3001 767 3100 paullo
785 3014 822 3076 et
846 2995 1039 3100 perfectior
1066 3017 1103 3078 et
1127 3029 1287 3083 commo-

110 3160 115 3168 ,
179 3106 292 3198 'diors
310 3147 379 3196 usu
397 3123 477 3196 fieri
496 3147 602 3221 posse
625 3123 812 3199 videbatur
833 3149 841 3196 :
865 3137 905 3198 ut
921 3125 1080 3223 primum
1099 3128 1171 3203 loci
1191 3145 1286 3207 vete·

188 3272 272 3322 rum
301 3249 539 3348 scriptorum,
561 3275 607 3324 ex
620 3251 750 3348 quibus
774 3249 901 3326 Editor
913 3278 989 3328 non
1007 3245 1093 3330 raro
1117 3261 1287 3358 pauciora

189 3395 298 3468 quam
322 3397 382 3448 res
405 3373 609 3471 postulabat
628 3374 738 3448 verba
757 3391 1000 3474 excerpserat,
1017 3401 1288 3480 apponerentur

190 3494 391 3591 pleniores;
419 3495 549 3572 deinde
573 3509 613 3570 ut
637 3497 838 3595 fragmenta
862 3499 908 3574 ad
926 3501 1125 3593 editiones,
1153 3511 1192 3584 si¹
1209 3511 1288 3586 fieri

191 3631 331 3713 posset,
353 3619 522 3694 meliores
541 3621 599 3694 vel
611 3619 657 3693 ad
673 3620 772 3719 ipsos
789 3622 932 3700 codices
950 3625 1082 3704 iterum
1099 3632 1287 3730 exigeren-

191 3744 279 3826 tur;'
292 3753 369 3814 turn
387 3753 427 3814 ut
445 3743 713 3842 explicarentur
725 3745 782 3819 vel
802 3747 1073 3847 corrigerentur
1087 3755 1206 3855 aliqua
1223 3761 1287 3836 ob-

192 3863 356 3937 scuriora
380 3864 438 3976 vel
465 3879 653 3963 corrupta;
680 3865 834 3966 denique
859 3882 898 3944 ut
924 3873 1138 3952 accederent
1160 3905 1241 3978 quae
1267 3909 1288 3957 a

193 3984 298 4058 nobis
317 3985 471 4084 reperiri
484 3999 678 4084 potuerunt
689 3987 891 4088 fragmenta
903 4017 1007 4068 nova.
1023 3995 1159 4087 Quibus
1172 4005 1289 4078 omni·

193 4107 261 4180 bus
289 4108 337 4182 ita
363 4109 567 4186 satisfacere
597 4109 812 4200 studuimus,
835 4127 874 4187 ut
901 4116 978 4190 haec
998 4119 1107 4194 editio
1129 4147 1204 4200 non
1225 4151 1290 4198 no·
