3200 5344
886 444 956 524 290

369 582 410 636 aul
420 581 475 653 πιρί
487 583 549 650 αὐτῇ
563 581 679 651 spadica,
694 577 867 652 Καρχηδονίων
881 583 1046 647 ἐνοχλούντων·
1062 579 1105 634 καί
1116 583 1169 636 ro'rt
1182 579 1209 634 dl
1220 582 1349 654 ίονίνίγναν
1360 585 1460 636 isodoro·

367 679 409 732 καί
424 681 466 732 οὐκ
478 679 527 730 tet
541 684 586 751 γῆς
599 678 615 738 ἦ
629 679 722 750 χωρίων
733 678 886 750 ἣπροωοὸςῆ
903 677 992 747 οἰκιῶν,
1008 673 1039 730 ὗν
1053 676 1126 749 χωρὶς
1136 678 1237 744 ἀβίωτόν
1251 681 1311 733 isan
1326 681 1461 753 ίλονίίρανς,

367 777 420 830 ἀλλ’
434 775 483 828 ἀπὸ
496 775 573 846 μόνων
587 779 634 827 τῶν
649 775 709 828 οἶκοι
723 777 817 846 αοόριων
835 770 890 826 ot'nll
908 775 997 828 τούτων
1011 777 1161 847 τιρωριίνων,
1182 772 1237 828 otti
1255 777 1302 829 ὑπὸ
1320 782 1432 849 μηνυταῖς
1448 785 1463 836 ἢ

368 879 519 952 κατηγόροις,
531 876 588 930 ottt
608 880 667 951 πρὸς
681 878 819 952 &sinuati
838 879 904 952 illos,
929 877 984 932 ἀλλ’
1002 879 1054 931 loos
1071 879 1194 944 ίβοίλοντο
1209 881 1290 933 αὐταί.
1311 877 1407 941 Tironis
1424 881 1462 935 καί
1579 933 1580 954 ,

367 985 406 1030 νῦν
420 975 480 1029 ίοτίν
492 977 546 1049 ὑμῖν
558 975 614 1050 περὶ
625 981 667 1038 τῆς
675 977 774 1049 ἀρχίςῆ
787 975 843 1048 περὶ
851 980 893 1036 τίς
905 967 1022 1047 πατρίδος
1032 972 1120 1045 φοβοςς
1133 977 1190 1030 'lto
1198 975 1274 1029 τοίνυν
1285 978 1301 1034 i
1311 983 1408 1030 Κελτῶν
1416 981 1460 1031 πί-
1579 971 1580 976 ’

270 1095 274 1104 ·
362 1085 432 1148 λιροος
444 1075 461 1126 d
474 1074 625 1147 Παρθυαίων,
634 1073 677 1127 οιαὶ
686 1076 713 1126 οὐ
727 1073 819 1146 χοίρους
830 1073 852 1133 ta
865 1073 983 1145 comples
993 1073 1093 1144 ίοόροθα
1101 1080 1149 1126 τῶν
1159 1075 1276 1145 μητέρων.
1292 1071 1379 1146 'rapt
1393 1078 1461 1148 ἕρρο·

360 1173 423 1231 λίονς
439 1173 558 1242 πολέμους
573 1169 634 1242 prist
648 1171 814 1244 ίοονίγοιαιμίν
836 1187 905 1234 ποτα,
923 1171 983 1241 μήτι
1000 1153 1182 1241 ονρὶπράξαιμον
1203 1171 1257 1242 ὑμῖν
1270 1169 1328 1224 κατ’
1345 1171 1459 1228 ἀλλήλων.

361 1267 426 1323 otti
443 1269 492 1343 γὰρ
510 1269 550 1322 ίπὶ
566 1268 714 1340 Καίσαροςῆ
730 1268 856 1340 Πομπηίον
869 1267 1033 1340 συνιφίρορον,
1051 1265 1106 1320 otti
1122 1269 1215 1341 Μοίριος
1228 1271 1302 1340 ἡμᾶς,
1317 1267 1374 1321 ettt
1382 1270 1463 1330 Κίννας

360 1368 516 1440 ἠνάγκασαν,
535 1363 591 1420 otti
610 1367 699 1426 Σίλλοις
713 1369 725 1418 ὁ
737 1366 883 1437 τορανννίοοις
896 1371 938 1426 τῆς
949 1361 1075 1437 πατρίδος·
1094 1367 1159 1437 ipsit
1173 1363 1200 1420 dl
1220 1369 1282 1437 φατί
1295 1366 1338 1420 καί
1350 1369 1462 1423 καθίστα·

359 1471 412 1518 οθαι
426 1467 469 1523 τίν
481 1461 638 1518 resitetiam.»
843 1467 845 1474 ⁴
867 1467 868 1470 ’
997 1481 999 1488 ·
1117 1472 1120 1480 ’
1210 1457 1214 1464 ’

263 1641 335 1748 lli
603 1679 681 1754 LX.
709 1681 853 1754 Servius
877 1631 1052 1783 Sulpicius
1079 1635 1209 1756 listins.
1261 1639 1283 1744 ,Ι

657 1849 661 1856 ,
714 1801 894 1901 [Ellendt.
913 1829 950 1900 p.
970 1803 1115 1902 istd]

398 2039 512 2104 Consul
521 2037 579 2100 luit
593 2058 622 2100 a.
640 2041 680 2105 U.
701 2037 773 2100 702.
793 2035 1039 2121 Philippicarum
1052 2035 1216 2102 Ciceronis
1230 2061 1312 2102 nona
1324 2042 1454 2106 laudatio

355 2152 402 2202 est
415 2137 625 2221 pulcherrima
635 2136 726 2217 hujus
740 2135 814 2197 siri.

396 2239 464 2301 Cio.
487 2239 574 2298 Brut.
591 2229 621 2296 c'.
638 2235 691 2305 41,
710 2235 783 2309 151,
801 2249 833 2296 et
846 2234 888 2297 tt
902 2255 912 2296 a
928 2235 976 2297 De
996 2236 1107 2300 Servio
1129 2237 1229 2300 dicam
1247 2239 1328 2318 quod
1342 2236 1450 2302 sentio.

354 2343 424 2402 Non
454 2336 538 2400 enim
563 2335 652 2398 lacile
676 2355 768 2416 quem
786 2333 917 2396 dixerim
944 2336 1012 2417 plus
1034 2336 1127 2398 studii
1148 2355 1239 2417 quam
1262 2336 1348 2400 iilum
1364 2353 1396 2402 et
1414 2341 1451 2402 ad

353 2433 530 2496 discendum
545 2443 577 2497 et
592 2432 740 2493 adomnes
753 2431 906 2492 bonarum
919 2431 1033 2494 artium
1042 2429 1221 2514 disciplinas
1235 2435 1448 2499 adhibuisse...

352 2533 431 2594 llam
444 2541 477 2592 et
490 2530 523 2591 in
538 2525 647 2590 iisdem
657 2525 933 2591 exercitationibus
943 2527 1068 2592 ineunte
1082 2541 1173 2592 aetate
1185 2531 1310 2608 luimus,
1326 2546 1358 2595 et
1370 2547 1449 2616 post·

353 2641 419 2691 stea
431 2647 493 2691 una
504 2627 646 2689 ilbodum
660 2625 713 2687 ille
732 2627 826 2687 etiam
847 2623 1000 2708 prolectas
1020 2641 1077 2702 est,
1104 2647 1164 2708 qno
1183 2628 1300 2691 vmelior
1320 2643 1402 2692 esset
1421 2641 1450 2693 et

352 2726 482 2800 doctior,
502 2735 546 2796 et,
561 2723 636 2784 inde
654 2735 690 2783 ut
709 2721 813 2798 rediit,
829 2722 953 2783 videtur
970 2719 1046 2784 milri
1058 2724 1090 2785 in
1105 2725 1240 2786 secunda
1252 2739 1322 2788 arte
1335 2727 1450 2808 primm

349 2845 418 2889 esse
432 2821 584 2896 maluisse,
597 2841 688 2902 quam
699 2822 733 2882 in
747 2821 849 2902 prima
863 2821 1026 2882 monnulus.
1039 2823 1145 2902 ¹Atque
1159 2824 1241 2885 hand
1254 2821 1320 2886 ecio
1339 2845 1380 2886 an
1394 2845 1449 2907 par

349 2925 543 3010 principibus
557 2943 623 2985 esse
637 2921 805 3004 potuisset3
822 2923 876 2983 sed
889 2921 1018 2984 fortasse
1036 2923 1155 2998 maluit,
1176 2923 1209 2985 id
1223 2925 1305 3005 quod
1319 2937 1367 2987 est
1379 2929 1449 2988 nne

347 3045 429 3112 ptus,
446 3027 537 3106 longe
551 3023 688 3087 omnium
702 3043 768 3086 non
777 3023 915 3106 ejusdem
925 3022 1135 3098 nodositatis,
1150 3026 1204 3087 sed
1217 3045 1325 3088 eorum
1339 3027 1444 3102 etiam,

347 3129 402 3209 qni
419 3125 559 3194 luissent,
574 3119 688 3200 injure
708 3121 795 3183 civili
806 3141 871 3182 esse
881 3117 1082 3202 princeps...
1103 3121 1253 3204 Adjunxit
1263 3125 1358 3186 etiam
1372 3139 1403 3188 et
1413 3128 1446 3190 li·

349 3238 486 3285 terarum
499 3217 661 3281 scientiam
679 3231 710 3280 et
726 3215 872 3300 loquendi
882 3219 1080 3298 elegantiam,
1096 3239 1162 3302 quae
1175 3241 1215 3284 ex
1231 3224 1358 3306 scriptis
1370 3226 1444 3309 ejus,

347 3339 476 3401 qnorum
489 3311 601 3378 similia
617 3308 701 3375 nulla
714 3327 797 3389 sunt,
812 3315 958 3378 facillime
973 3317 1110 3398 perspici
1123 3331 1234 3400 potest.
1252 3347 1266 3376 s

390 3417 563 3498 Supersunt
587 3409 686 3474 adhuc
708 3411 879 3492 fragmenta
897 3412 1048 3476 librorum
1068 3414 1198 3498 Sulpicii
1215 3417 1254 3480 de
1271 3417 1343 3502 jure
1362 3417 1443 3483 civili

347 3513 428 3596 apud
439 3515 478 3574 Α.
491 3507 625 3572 Gellium
639 3507 775 3588 aliosque
788 3520 930 3570 auctores
942 3509 1091 3591 :reliquit
1109 3512 1193 3575 enim
1205 3533 1302 3596 prope
1321 3530 1444 3578 centium

347 3627 378 3678 et
392 3613 549 3693 octoginta
559 3610 666 3686 libros,
689 3621 723 3670 ut
735 3605 924 3692 Pomponius
935 3611 983 3671 De
994 3607 1074 3692 orig.
1088 3611 1151 3694 jur.
1168 3615 1289 3696 Digest.
1306 3620 1333 3690 l,
1347 3619 1378 3692 2,
1390 3618 1442 3693 ts,

347 3710 465 3773 scribit.
918 3701 922 3712 '
1057 3706 1062 3725 ’
1180 3705 1184 3712 “
1252 3725 1254 3730 ·

388 3805 521 3892 Quintil.
534 3803 575 3879 x,
595 3803 624 3879 l,
644 3803 703 3866 lto
718 3826 725 3865 ε
738 3803 863 3868 Servius
872 3799 1028 3886 Sulpicius
1042 3805 1193 3888 insignem
1209 3829 1272 3872 non
1288 3811 1440 3876 immerito

346 3909 457 3968 lamam
471 3901 567 3979 tribus
578 3903 760 3965 contionibus
774 3902 899 3964 meruit.

380 4081 461 4135 lre‘dns
474 4078 645 4146 orattbm'bns]
665 4081 724 4132 duae
744 4093 847 4133 tantum
863 4099 948 4135 oausae
962 4085 1046 4137 Servii
1058 4097 1127 4137 notae
1140 4085 1225 4138 adhuc
1239 4100 1315 4152 sunt,
1333 4088 1366 4141 de
1381 4090 1438 4159 qui·

416 4165 466 4218 bus
479 4162 610 4215 orationes
630 4164 764 4218 exstitisse
780 4161 914 4228 ridentur,
931 4183 984 4218 una
1000 4185 1048 4238 pro
1064 4167 1178 4230 Aulidis,
1199 4167 1282 4221 altera
1299 4183 1391 4224 contra
1406 4173 1435 4222 1..

414 4253 559 4304 Murenam.
