3218 5320
849 393 918 464 382

377 526 458 588 lbld.
476 529 493 609 S
511 529 543 588 ll
565 550 573 588 ε
590 525 645 590 Ait
657 531 758 592 orello
772 550 781 591 t
797 528 834 590 Si
843 523 1013 608 pttbr'vita
1028 531 1203 602 decesserit,
1220 532 1273 611 qut'
1294 527 1441 586 donatum

333 631 463 704 accepit.

538 814 688 887 CXXV.
716 815 762 907 Q.
791 805 953 887 Aurelius
980 813 1227 914 Symmachus.

375 1039 404 1100 ls
416 1041 496 1102 vixit
508 1041 581 1104 inde
593 1044 727 1106 abanno
737 1040 865 1106 circiter
887 1041 948 1106 350
961 1055 1030 1124 post
1044 1039 1200 1104 Christum
1213 1037 1315 1116 (1102
1328 1035 1367 1105 U·
1390 1042 1439 1122 c.)

329 1145 477 1223 usquead
488 1143 552 1206 410
566 1145 591 1228 (1
600 1145 660 1210 tut
673 1149 714 1214 U.
729 1146 782 1229 o),
799 1144 909 1207 iisdem
920 1145 987 1206 fere
1001 1141 1205 1226 temporibus,
1219 1137 1330 1221 quibus
1341 1142 1440 1201 Auso·

280 1323 283 1333 *
333 1243 414 1317 nius,
431 1241 619 1306 Prudentius
633 1257 666 1306 et
679 1243 869 1307 Claudianus
889 1253 997 1325 poetae.
1014 1239 1129 1304 Consul
1143 1239 1202 1300 fuit
1218 1257 1288 1300 cum
1303 1233 1443 1300 Tatiano

333 1361 416 1403 anno
427 1344 466 1408 U.
482 1343 577 1418 1112,
594 1365 626 1426 p.
640 1345 715 1409 Chr.
732 1345 805 1418 391,
820 1357 854 1406 ut
865 1364 904 1405 ex
913 1339 1012 1404 Fastis
1021 1337 1154 1404 Relandi
1170 1339 1321 1402 videmus.

373 1429 574 1503 Cassiodorus
599 1443 633 1504 in
652 1442 791 1508 Historia
814 1439 975 1522 tripartita
998 1438 1054 1499 lib.
1083 1436 1220 1508 1x‚23:
1237 1435 1447 1520 Symmachus

332 1539 415 1600 inter
438 1553 598 1603 senatores
621 1541 795 1623 praecipuus
815 1539 1001 1613 habebatur,
1023 1549 1153 1618 eratque
1171 1535 1306 1598 Romani
1326 1533 1446 1616 eloquii

333 1637 508 1700 eruditione
522 1634 688 1711 mirabilis,
702 1637 789 1718 cujus
803 1637 893 1698 multi
907 1655 1026 1716 quoque
1038 1633 1239 1716 reperiuntur
1254 1631 1338 1692 libri.

372 1735 515 1797 Socraoes
530 1734 609 1799 lllst.
627 1737 746 1802 Eccles.
763 1759 795 1809 v,
820 1737 878 1798 ll:
896 1753 1025 1826 Σύμμαχος
1038 1756 1132 1820 πρῶτος
1156 1747 1197 1818 μὲν
1214 1741 1241 1804 ἦν
1258 1751 1299 1804 τῆς
1320 1747 1342 1797 is
1359 1744 1443 1814 Ῥώμῃ

331 1836 487 1906 συγκλήτου,
503 1837 648 1907 ἐθαυμάζετο
665 1835 693 1890 ‹ll
708 1838 747 1890 tel
760 1835 887 1890 uatdtbou
899 1840 977 1910 λόγων
995 1837 1145 1906 Ῥωμαϊκῶν·
1157 1833 1199 1886 καὶ
1213 1833 1262 1906 γὰρ
1278 1833 1343 1902 αύτῷ
1357 1831 1446 1882 πολλοὶ

331 1931 400 2004 λύγοι
417 1935 630 2007 συγγιγριιμμένοι
643 1942 673 2004 τῇ
689 1935 814 2007 Ῥωμαίων
826 1936 924 2007 γλώσσῃ
939 1935 1092 2007 τυγχάνουσι,

372 2031 565 2114 Nicephoffls
580 2031 662 2095 lllsl·
677 2035 797 2097 EcCleS·
814 2051 870 2108 xlt,
889 2033 924 2095 21
944 2055 952 2092 t
969 2048 1099 2116 Σύμμαχος
1112 2051 1206 2114 πρῶτος
1219 2043 1250 2094 ὢν
1266 2044 1307 2099 τῆς
1322 2043 1344 2092 ἐν
1357 2037 1443 2109 Ῥώμῃ

330 2129 465 2198 συγκλήτου
477 2131 562 2194 βουλῆς
576 2128 618 2181 διὰ
634 2132 755 2200 θαύματος
768 2125 796 2187 ἦν
810 2132 859 2189 τοῖς
872 2137 997 2201 προσοῦσιν
1013 2132 1078 2199 αύτῷ
1097 2127 1212 2199 ἀγαθοῖς,
1228 2125 1335 2196 μάλιστα
1350 2121 1442 2192 δ’ἐπῃ-

328 2211 391 2262 νιῖτο
406 2211 445 2264 fui
459 2211 585 2265 παιδεύσει
603 2214 683 2286 λόγων
699 2213 847 2284 Ῥωμαϊκῶν.
864 2215 968 2273 Πολλούς
982 2213 1030 2286 γὰρ
1046 2211 1088 2264 uoti
1102 2214 1165 2283 ἄγαν
1179 2211 1288 2280 ἀρίστοις
1310 2210 1395 2279 λόγους
1410 2213 1442 2274 τῇ

329 2310 435 2379 οφιτίρᾳ
446 2311 544 2380 γλώσσῃ
559 2307 665 2370 ἰξίύοτσ.
1602 2320 1603 2348 l

372 2396 513 2490 Macrob'.
528 2396 657 2458 saturn.
672 2417 704 2470 v,
724 2398 736 2456 1
757 2419 764 2456 ε
781 2399 922 2478 Quatuor
936 2411 1010 2458 sunt
1024 2415 1141 2476 genera
1157 2393 1307 2456 dicendis
1331 2393 1441 2474 copio·
1602 2351 1603 2424 l

329 2508 409 2565 snm,
422 2491 457 2552 in
468 2512 529 2572 quo
543 2490 657 2556 Cicero
668 2495 863 2566 dominatum
875 2494 982 2566 breve,
1000 2495 1032 2554 in
1049 2513 1108 2576 quo
1122 2488 1286 2554 Sallustius
1299 2501 1417 2569 regnat
1433 2510 1442 2560 ς

329 2584 456 2662 siccum,
474 2589 554 2668 qnod
569 2588 720 2650 Frontoni
742 2587 948 2664 adscribitur;
970 2595 1086 2670 pingue
1101 2603 1130 2646 et
1137 2585 1311 2665 floridum,
1330 2591 1438 2668 inquo

327 2692 446 2767 Plinius
460 2693 622 2758 Secundus
632 2696 799 2776 quondam,
820 2709 852 2757 et
865 2716 949 2758 nunc
959 2697 1043 2760 nullo
1057 2707 1199 2758 veterum
1214 2694 1317 2754 minor
1331 2706 1437 2751 noster

326 2789 536 2874 Symmachus
548 2797 729 2854 luxuriatur.

367 2889 544 2975 Symmacb.
572 2893 671 2973 Epist.
692 2893 718 2965 l,
738 2889 774 2951 41
794 2891 879 2976 (38):
896 2892 998 2956 Credo
1016 2892 1165 2955 indicium
1189 2889 1297 2952 fecisse
1316 2885 1376 2950 tibi
1390 2888 1436 2948 fa-

328 3005 421 3060 mam,
436 2990 516 3071 quod
527 3001 692 3070 parentem
707 3007 809 3049 meum
821 2989 890 3049 ruri
904 3001 996 3069 atque
1014 2988 1046 3048 in
1059 3005 1180 3049 secessu
1195 2983 1315 3046 amissae
1331 2986 1439 3047 domus

326 3084 475 3164 injuriam
489 3088 715 3164 decoquentem
734 3085 944 3166 frequentibus
958 3083 1125 3163 suffragiis,
1151 3083 1286 3163 denique
1300 3085 1436 3144 oratori·

326 3183 385 3245 bus
398 3184 501 3245 missis
512 3201 594 3244 novo
607 3185 725 3246 honore
733 3198 858 3248 senatus
870 3186 1031 3248 acciverit.
1042 3185 1112 3272 Qua
1123 3203 1218 3246 causa
1229 3184 1283 3244 ubi
1294 3185 1434 3266 primum

327 3283 505 3345 facultatem
529 3281 674 3362 loquendi
693 3285 773 3364 apud
789 3285 923 3364 collegas
937 3285 1042 3347 attulit
1056 3287 1132 3355 dies,
1154 3284 1218 3364 egit
1238 3283 1291 3345 ille
1312 3283 1435 3345 senatui

326 3380 445 3459 gratias
456 3379 826 3459 eafacundiaegravitate,
840 3403 899 3463 qua
915 3396 1005 3445 notus
1018 3395 1075 3444 est.
1088 3381 1232 3446 Calendoe
1245 3394 1433 3452 macerant,

328 3477 439 3560 quibus
455 3499 556 3542 annus
569 3479 720 3562 aperitur.
732 3479 827 3543 Brevi
841 3481 1008 3546 intervallo
1021 3503 1090 3545 cum
1104 3483 1267 3545 familiaris
1281 3482 1342 3543 mei
1355 3483 1435 3567 'l'ry-

325 3576 391 3655 geli
411 3573 488 3654 lilio,
514 3578 660 3660 praetorio
682 3575 859 3652 candidato,
882 3579 1014 3642 aetionis
1037 3599 1162 3662 operam
1187 3575 1431 3662 spopondissem,

328 3678 465 3738 animum
486 3669 598 3762 religio
614 3679 771 3750 convenit,
797 3693 832 3740 ut
852 3679 1016 3743 occasione
1032 3681 1179 3743 destinati
1203 3677 1299 3743 officii
1313 3679 1434 3742 obirem

233 2457 303 2526 264

334 3779 555 3840 monnsadhuc
577 3799 654 3841 ame
669 3779 753 3862 patri
762 3777 912 3854 debitum,
939 3783 1003 3855 sed,
1026 3793 1061 3842 ut
1080 3781 1158 3854 dixi,
1179 3781 1219 3843 ab
1239 3781 1292 3842 illo
1310 3781 1432 3842 senatui

324 3875 392 3956 jam
417 3878 562 3939 solutum.
593 3880 677 3958 Ergo
704 3880 743 3939 ad
769 3881 909 3959 quintum
932 3882 1005 3942 ldus
1031 3879 1174 3942 Januarii
1198 3880 1294 3942 verba
1321 3878 1380 3940 feci
1399 3878 1432 3938 in

328 3973 514 4058 amplissimo
535 3973 664 4052 ordine3
688 3997 754 4060 qtroe
780 3981 834 4040 ubi
853 3977 887 4041 in
911 4001 1020 4042 manus
1041 3993 1109 4042 tuas
1134 3981 1292 4051 venerint,
1320 4001 1356 4041 eu
1378 3992 1429 4039 tuo

330 4069 434 4134 animo
450 4074 598 4156 conjicies
609 4073 726 4154 judicia
738 4090 926 4138 ceterorum.

360 4209 555 4281 Trygelistlt'o]
574 4212 747 4282 fragmentum
762 4211 844 4284 hujus
860 4213 987 4266 orationis
1000 4217 1069 4267 inter
1083 4233 1126 4266 eas
1140 4226 1235 4278 exstat,
1250 4233 1308 4284 quae
1320 4214 1351 4265 ab
1363 4215 1429 4286 Aug.
