3212 5326
680 479 744 548 113

153 627 232 688 dunt
245 623 279 687 in
291 641 454 686 censuram
464 620 531 705 ejus
544 641 552 680 ε
566 621 648 701 quod
659 621 791 684 adversa
802 619 976 694 nobilitate,
990 633 1023 682 at
1035 641 1144 700 magno
1154 621 1258 706 pepedi

156 725 266 787 lavore
290 723 412 804 accepit
432 741 552 785 munus.
577 723 647 804 lpse
663 739 782 782 summa
797 721 998 784 contentione
1019 741 1088 782 cem
1101 723 1202 803 petiit,
1228 737 1261 784 nt

157 843 280 886 omnem
292 821 395 884 labem
411 820 549 882 civitatis
562 819 732 901 expelleret
750 830 783 904 et
802 817 972 882 sceleribus
986 814 1135 880 nobilium
1148 839 1258 884 oceno

156 936 253 985 reret.
275 921 352 981 lnde
370 932 487 1000 septem
506 931 682 994 senatores,
703 917 852 999 multique
876 917 1011 999 equites,
1039 937 1115 998 quos
1132 932 1260 1000 propter

155 1021 272 1093 luxum
294 1016 451 1092 inertiam,
476 1018 691 1080 crudelitatem
710 1015 948 1098 superbiamque
968 1017 1088 1088 oderat,
1106 1017 1175 1080 loco
1188 1031 1262 1079 sunt

158 1119 248 1180 moti,
266 1112 460 1180 lucensibus
476 1135 597 1198 quoqne
611 1113 801 1198 accipiendis
820 1110 920 1177 tristis
933 1126 966 1175 et
977 1131 1087 1194 aspera
1106 1113 1141 1174 in
1161 1131 1268 1178 omues

159 1217 284 1280 ordines
297 1233 430 1276 censura
442 1213 510 1276 luit.
529 1215 576 1276 hc
594 1232 704 1276 munus
722 1210 789 1291 ejus
806 1213 883 1277 adeo
900 1223 1024 1290 gratum
1045 1224 1267 1293 acceptumque

161 1311 275 1395 populo
286 1309 354 1385 luit,
371 1321 406 1370 ut
417 1309 583 1374 Censorius
593 1320 699 1390 postea
713 1309 938 1373 nominaretur.
956 1311 1035 1370 Nam
1042 1308 1191 1372 Catonern
1204 1322 1267 1375 tem

158 1413 336 1495 reipublicae
352 1411 479 1472 hercule
502 1409 618 1491 prohrit
636 1410 722 1470 nasci
742 1428 835 1490 quam
847 1409 1023 1490 Scipionem
1044 1430 1052 1470 ε
1078 1409 1159 1472 alter
1179 1413 1264 1482 enirn

162 1507 501 1573 cumhostibusnostris
513 1507 643 1580 bellum,
658 1507 739 1570 alter
749 1527 820 1570 cum
832 1507 971 1574 moribus
980 1507 1086 1587 gessit,
1102 1521 1138 1568 ut
1148 1509 1269 1578 Seneca

162 1611 361 1694 praedicatio
376 1606 475 1692 Epist.
494 1608 679 1672 cxxxvii.

205 1711 363 1770 Praetcrea
380 1705 459 1770 Cato
481 1719 547 1768 tres
561 1727 695 1770 sommas
711 1709 745 1768 in
764 1707 890 1770 homine
904 1727 955 1770 ree
969 1705 1147 1789 prestitisse
1165 1709 1269 1776 existi·

163 1821 275 1882 matus,
303 1821 338 1868 ut
357 1825 437 1870 esset
460 1809 593 1890 optimus
616 1820 741 1879 orator,
769 1808 901 1888 optimus
926 1807 1114 1888 imperator,
1135 1811 1269 1894 optimus
1376 1870 1379 1876 .

162 1923 300 1974 senator.
326 1909 471 1980 Accedit,
494 1911 575 1989 quod
593 1908 732 1970 omnium
755 1908 908 1971 bonarum
924 1908 1036 1971 artittm
1050 1909 1109 1972 luit
1122 1912 1270 1990 magister

159 2023 192 2074 et
214 2010 358 2072 claritate
372 2009 557 2070 litterarum
585 2007 806 2090 preceptisque
828 2009 966 2070 omnium
987 2027 1094 2084 rerpm
1122 2023 1270 2092 expeten-

158 2114 272 2175 darum
288 2110 372 2172 datis
380 2093 490 2188 generi
501 2111 641 2172 Ronnno
656 2109 788 2171 maxime
803 2109 943 2189 insignis,
956 2122 991 2170 ut
1003 2110 1123 2172 Plinius
1133 2112 1178 2174 ait
1188 2111 1268 2174 ilict.

161 2215 235 2275 Nat.
252 2210 342 2281 XlV,
362 2209 393 2270 4.

206 2311 308 2393 Igitur
321 2313 463 2374 ordinem
475 2312 652 2374 orationum
662 2325 694 2373 et
704 2323 922 2390 argumentum
937 2331 1045 2374 earum
1060 2331 1100 2374 ex
1114 2312 1272 2378 historicis

162 2411 342 2492 diligenter,
360 2424 508 2494 quantum
522 2413 621 2494 potui,
641 2411 829 2493 querebam,
845 2412 939 2494 idque
952 2431 1002 2474 me
1018 2409 1053 2474 in
1066 2424 1140 2475 octo
1154 2426 1186 2474 et
1198 2433 1271 2495 qna·

160 2514 305 2591 draginta
328 2533 398 2574 cnm
423 2511 525 2591 aliqua
550 2512 774 2593 probabilitate
797 2512 935 2574 effecisse
961 2531 1075 2592 speror
1101 2513 1135 2575 in
1157 2514 1272 2576 ceteris

160 2612 260 2694 major
284 2617 353 2676 erat
379 2611 516 2695 questio,
537 2633 628 2693 qnam
650 2625 685 2673 ut
703 2611 918 2674 difficultatem
939 2612 1069 2674 vincere
1091 2610 1268 2694 potuissem,

161 2714 234 2795 quia
253 2727 372 2775 autres
394 2732 443 2774 me
457 2712 588 2787 latebat,
608 2727 662 2775 aut
677 2713 840 2793 inscriptio
879 2715 959 2794 apud
980 2716 1181 2796 grammticos
1203 2735 1268 2778 cor·

163 2823 257 2893 rupta
277 2825 355 2873 erat.
384 2807 507 2871 Proluit
531 2811 662 2870 multum
685 2808 815 2868 Ausonii
840 2813 964 2891 Popmne
985 2809 1134 2888 scriptio,
1161 2831 1272 2892 parum

161 2907 280 2969 Lienis
296 2910 345 2968 Ex
359 2904 592 2986 comparatione
603 2915 707 2964 autem
721 2903 845 2964 illarum
859 2902 1079 2966 collectionum
1094 2907 1270 2986 apparebit,

157 2999 299 3064 editores
312 2999 433 3082 priores
451 3021 514 3062 non
529 3019 603 3062 raro
616 3001 650 3062 in
662 3017 745 3062 anno
764 2999 943 3062 deliniendo
964 3019 1100 3075 errasse,
1123 3013 1159 3062 nt
1170 3007 1271 3062 oratio

157 3099 202 3156 de
225 3097 358 3157 Laetorio
381 3097 502 3162 illustre
521 3107 568 3158 est
585 3097 778 3180 exemplum
797 3109 831 3158 et
858 3099 989 3159 duarum
1011 3096 1190 3161 orationum
1207 3098 1270 3162 lra-

162 3207 288 3276 gmenta
304 3195 463 3258 interdurn
482 3197 516 3258 in
530 3217 625 3259 unam
645 3197 872 3277 conglutinata,
890 3209 945 3259 aut
962 3195 1101 3278 ejusdem
1121 3199 1273 3268 orationis

161 3307 305 3379 separata
321 3297 422 3361 luisse.
449 3297 586 3360 Historia
613 3299 789 3384 orationum
804 3297 933 3361 Catonis
948 3297 1041 3379 dmul
1055 3300 1205 3365 memoria
1226 3313 1274 3362 est

164 3394 301 3474 quinque
320 3408 352 3456 et
367 3395 574 3475 qnadraginta
588 3415 743 3458 annornm
764 3395 943 3478 reipublicae
965 3399 1132 3460 Romanor
1152 3419 1272 3464 sunctae
1332 3477 1333 3481 Ἰ

162 3495 246 3560 enim
267 3495 373 3576 capita
393 3515 451 3576 per
470 3496 526 3558 hos
540 3515 639 3558 annos
657 3515 764 3558 rerum
783 3498 995 3560 Romanarum
1009 3496 1181 3578 attingunt.
1204 3501 1271 3562 Nec

161 3603 329 3656 versentur
352 3593 416 3652 lere
441 3593 474 3652 in
497 3591 598 3654 causis
613 3592 765 3675 privatis,
789 3593 900 3654 sedin
925 3594 964 3656 iis
985 3595 1091 3670 rebus,
1116 3614 1184 3678 quae
1203 3594 1291 3660 tumx

107 3729 109 3732 v
163 3687 297 3752 maxime
316 3692 350 3751 in
368 3703 478 3753 senatu
497 3681 764 3764 deliberabantur,
782 3693 883 3754 autin
897 3693 1016 3771 legibus
1036 3695 1201 3758 suadendis
1214 3697 1273 3760 dis-

163 3789 380 3862 suadendisvc,
405 3801 460 3850 aut
477 3790 512 3852 in
530 3791 631 3851 causis
649 3791 794 3873 publicis,
823 3811 890 3872 quum
903 3793 1176 3877 latissimepatent
1189 3809 1221 3858 et
1232 3797 1273 3859 ab

166 3890 326 3954 historicis
357 3909 477 3972 quoqne
508 3891 631 3972 copiose
658 3905 868 3976 exponuntur.
894 3895 967 3957 ldeo
995 3895 1060 3958 tria
1080 3891 1275 3980 potissimum

165 3988 342 4053 orationum
355 4009 471 4069 genera
482 3988 662 4053 discernere
675 3991 762 4064 licet,
774 3993 946 4059 sententias
957 3994 1143 4070 senatorias,
1157 3997 1274 4060 oratio·

165 4113 220 4154 nes
232 4089 417 4171 judiciarias
432 4105 463 4154 et
477 4093 645 4154 censorias.
1020 4115 1023 4120 ·

206 4189 253 4262 li,
277 4191 329 4270 qui
358 4190 486 4262 Catonis
504 4191 603 4262 vitam
623 4190 759 4266 interius
779 4213 968 4273 cognoscere
991 4194 1137 4279 cupiunt,
1167 4200 1275 4280 legant

163 4291 376 4357 Schlosscrum
403 4290 769 4374 (Universolhistorische
800 4295 997 4372 Ueberriclrt,
1020 4300 1067 4374 ll,
1093 4301 1133 4374 ἱ),
1157 4321 1188 4382 p.
1214 4301 1273 4362 185

1121 4411 1152 4464 15
