3200 5344
184 578 253 644 Cic.
266 577 314 638 De
324 585 405 638 erat.
418 574 478 648 lll‚
495 571 507 634 l
522 594 531 634 c
544 571 728 656 Deploravit
742 571 795 633 illo
805 569 972 636 ‹liecaaunt
980 585 1070 653 atque
1078 566 1247 638 eruissem

140 690 276 751 senatus,
289 671 378 754 cujus
389 671 507 734 ordinis
521 693 540 734 a
553 671 690 746 consule,
698 657 758 752 ‘qui
768 669 855 752 quasi
866 668 1086 752 parenebouus
1097 683 1151 732 aut
1162 683 1247 734 tutor

140 773 242 836 fidelis
254 792 320 835 esse
333 770 473 844 deberet,
497 782 644 850 tanquam
660 767 699 830 ab
715 768 819 850 aliquo
833 765 954 830 nefario
970 768 1114 848 praedone
1132 767 1248 850 diripe·

140 882 231 934 retur
244 864 466 952 patrimonium
481 865 641 946 diguitatis
666 887 673 926 ι
693 885 792 946 neque
807 885 882 928 vero
897 883 963 926 esee
982 865 1176 940 mirandum,
1197 865 1241 934 si,

143 988 213 1032 cum
228 967 290 1028 suis
306 961 443 1029 consiliis
457 963 691 1049 rempublicam·
697 961 905 1044 profligasset,
934 959 1100 1030 consilium
1120 973 1246 1024 senatus

144 1088 163 1130 a
177 1067 340 1149 republica
355 1062 550 1148 repudiaret.
568 1061 628 1126 llio
643 1083 714 1126 cum
728 1059 848 1124 homini
860 1074 892 1124 et
905 1061 1082 1124 vehementi
1092 1072 1126 1122 et
1135 1061 1253 1124 tliserto

142 1167 223 1230 etin
237 1161 348 1250 primis
360 1165 435 1228 forti
449 1165 490 1226 atl
504 1163 709 1228 resistendum
724 1160 870 1245 Philippo
884 1162 973 1243 quasi
986 1161 1134 1244 quasdam
1144 1159 1254 1222 verbo·

142 1289 213 1338 rum
225 1267 310 1332 facee
323 1266 521 1340 admovisset,
538 1285 602 1334 uon
616 1265 689 1328 tulit
702 1265 755 1328 ille
777 1277 809 1328 et
828 1266 971 1344 graviter
985 1263 1101 1326 exarsit
1113 1259 1255 1345 pignori·

144 1349 263 1450 busque
278 1365 394 1432 ablatis
407 1368 552 1432 Crassum
573 1367 711 1438 instituit
724 1385 887 1430 coercere.
900 1367 971 1445 Quo
989 1365 1113 1448 quidem
1133 1362 1202 1448 ipae
1221 1363 1254 1426 iu

143 1472 213 1536 looo
226 1471 321 1534 multa
336 1471 481 1535 aCrassc
496 1469 649 1532 divinitus
663 1469 748 1532 dicta
761 1468 987 1541 efferebantur,
1004 1487 1075 1530 eum
1092 1465 1153 1530 sibi
1167 1463 1256 1532 illum

60 1608 62 1613 -
143 1566 302 1634 consulem
316 1587 383 1630 esse
397 1577 540 1646 negaret,
561 1566 613 1630 cui
627 1578 755 1630 senator
769 1563 836 1649 ipse
853 1583 919 1628 non
933 1578 1024 1628 esset.
1046 1563 1101 1624 An
1119 1577 1168 1638 m,
1183 1585 1255 1624 cum

140 1689 268 1730 omnem
281 1673 493 1730 atteteritotem
508 1671 640 1730 tmiiersi
651 1669 773 1728 ordinis
778 1687 838 1748 pro
846 1672 975 1748 pignore
980 1668 1112 1746 putaris,
1123 1685 1254 1748 moraque

141 1769 173 1824 ιἰι
186 1780 348 1844 conspectu
355 1764 466 1843 populi
482 1764 614 1826 Romani
624 1765 808 1838 concidens,
823 1783 874 1824 me
885 1762 935 1824 bis
947 1760 1129 1844 pignoribus
1144 1765 1252 1824 exiru-

144 1885 214 1924 mas
228 1884 319 1942 posse
332 1863 466 1924 terreri?-
480 1862 547 1924 Non
553 1861 612 1924 tibi
628 1863 682 1922 illa
695 1877 762 1924 sunt
776 1863 933 1936 cedenda,
948 1867 978 1924 si
988 1861 1026 1924 L.
1045 1861 1190 1924 crassum
1204 1865 1256 1922 vis

144 1979 310 2020 coerceret
326 1957 394 2018 lure
409 1957 468 2018 tibi
485 1971 532 2018 est
549 1959 724 2018 excidenda
736 1957 842 2038 lingua
850 1981 863 2030 ,ι
877 1979 936 2042 qua
950 1957 1005 2018 vel
1015 1957 1128 2029 evulsa,
1144 1959 1256 2034 spiritu

145 2061 215 2134 ipso
228 2055 386 2116 libidinem
400 2068 485 2116 tuam
498 2054 624 2116 libertae
638 2075 708 2116 meo
722 2053 891 2136 refittabt'tf
910 2054 1070 2117 Permulta
1084 2065 1150 2115 tutu
1162 2052 1255 2116 velte·
1366 2075 1368 2080 ‘

144 2153 338 2216 mestissima
353 2150 554 2216 contentione
574 2148 683 2228 animi,
704 2151 835 2232 ingenii,
853 2148 969 2214 virium
984 2149 1075 2214 abeo
1088 2152 1255 2214 dictasses

144 2247 325 2323 constabat,
347 2247 594 2330 sententiamque
615 2269 701 2322 eam,
723 2269 815 2330 quant
830 2261 956 2312 senatus
969 2248 1116 2332 frequens
1130 2260 1255 2312 secutus

144 2361 195 2412 est
208 2345 413 2412 omatissimis
425 2359 458 2410 et
470 2345 662 2428 gravissimis
676 2347 799 2412 verbis:
821 2349 862 2408 Ut
883 2348 996 2428 populo
1010 2349 1151 2412 Romano
1162 2352 1254 2408 sotis·

134 2450 245 2530 fieret,
266 2469 420 2532 umquam
433 2464 555 2511 senatus
571 2469 668 2534 neque
686 2449 847 2510 consilium
863 2449 1038 2530 reipublicae
1052 2469 1148 2534 neque
1150 2449 1255 2532 fidem

144 2549 292 2630 devicisse,
307 2547 347 2610 ab
357 2567 394 2612 co
408 2547 535 2626 dictam,
546 2559 579 2610 et
589 2549 731 2612 eumdem
739 2547 782 2634 (itl
792 2547 873 2632 quod
882 2548 917 2612 iu
931 2544 1170 2612 auctoritatibus
1179 2566 1259 2632 proe·
1305 2599 1307 2602 .

143 2647 271 2729 scriptis
281 2649 396 2734 exstat)
407 2647 576 2710 scribendo
587 2647 725 2710 affuisse.

188 2746 326 2832 Quintil.
338 2751 419 2825 Vlll,
440 2751 472 2826 3,
491 2743 552 2812 89:
578 2747 658 2810 lllud
678 2747 804 2810 Crassi:
821 2745 890 2828 Ego
913 2763 943 2808 te
963 2748 1118 2808 consulem
1136 2762 1254 2825 putem,

147 2869 219 2910 cum
232 2861 263 2908 tu
277 2869 328 2908 me
340 2867 401 2908 uon
411 2861 500 2927 putes
514 2860 688 2906 senatorem
698 2845 715 2904 2
725 2882 767 2894 ·-·
777 2847 885 2908 Valer.
905 2847 988 2908 Max.
1001 2849 1054 2921 vt,
1074 2846 1107 2922 2,
1126 2846 1159 2918 2,
1174 2842 1258 2908 idem

148 2959 280 3012 narrat:
296 2943 362 3006 Non
376 2967 410 3006 es
423 2961 465 3018 tu,
485 2939 605 3024 inquit,
620 2942 717 3020 milti,
735 2941 897 3023 Philippe,
917 2943 1038 3016 consul,
1056 2946 1128 3030 qnia
1143 2962 1182 3002 ne
1198 2963 1258 3024 ego

148 3047 272 3134 qrridem
288 3045 346 3106 tibi
360 3061 486 3106 senator
499 3064 578 3104 sum.

185 3139 278 3234 ’[Νοιι
293 3143 368 3210 satia
381 3143 491 3228 liquet,
508 3147 590 3208 unde
604 3145 781 3228 desumptus
795 3141 838 3206 sit
849 3141 974 3226 integer
989 3145 1171 3208 seueriuein
1185 3143 1254 3211 Cic.

149 3244 286 3308 Oratore
301 3264 331 3305 c.
343 3241 397 3306 66.
412 3243 489 3326 Qnae
501 3261 573 3304 mox
585 3238 703 3304 ibidem
715 3254 898 3324 sequuntur,
916 3261 955 3304 ex
976 3243 1127 3308 concione
1145 3254 1259 3308 centra
1347 3241 1350 3248 ’

150 3345 333 3428 popularem
345 3342 512 3408 faotiouem
522 3341 620 3426 petita
635 3343 757 3420 credas,
771 3341 833 3406 nisi
847 3357 920 3408 sunt
933 3364 972 3406 ex
986 3343 1129 3411 oratione
1140 3344 1174 3406 in
1187 3342 1259 3406 Pbi·

150 3439 283 3526 lippum.
299 3437 444 3527 Etutam]

153 3665 186 3725 9.
209 3675 319 3721 enirm
334 3675 365 3718 ιιι
379 3675 412 3717 ιι.
425 3673 578 3734 coremur
596 3677 636 3720 ιιι
654 3675 842 3720 nmorrtrtr
858 3677 942 3722 cuttu
955 3675 1013 3722 rra
1027 3675 1084 3722 ruo
1099 3655 1144 3719 ι’.
1157 3674 1259 3722 cnuto.
1291 3673 1359 3750 153

196 3871 287 3960 Dixit
303 3890 362 3954 pro
380 3870 423 3932 tt.
433 3867 575 3952 Coponio
589 3869 631 3954 Q.
648 3868 797 3934 Scoevola.
821 3872 903 3933 Acta
915 3883 962 3933 est
977 3891 1068 3934 causa
1084 3889 1114 3932 a.
1127 3873 1169 3940 U.
1184 3869 1260 3946 661,

153 3957 498 4056 ΤιΜιιιίΙίὸριωιοιε.
894 3953 898 3964 ’

194 4077 263 4139 Cio.
276 4075 366 4136 Brut.
381 4091 410 4134 c.
423 4071 476 4146 39,
492 4070 551 4134 145
565 4091 573 4132 ι
590 4071 628 4132 ln
642 4067 896 4152 interpretando,
913 4069 948 4132 in
962 4069 1150 4146 definiendo,
1163 4067 1197 4132 in
1212 4089 1264 4134 ex·

155 4173 300 4259 plicanda
314 4167 459 4252 aequitate
476 4167 556 4231 nihil
571 4182 642 4231 erat
655 4168 768 4231 Crasso
782 4169 952 4250 copiosius,
970 4169 1061 4252 idque
1075 4191 1169 4252 quum
1183 4187 1264 4251 saepe

50 4348 52 4350 ,
157 4273 245 4346 alias,
261 4283 327 4332 tum
347 4269 428 4349 apud
449 4263 659 4331 centumviros
678 4266 712 4330 in
731 4266 784 4329 Μ’.
799 4263 888 4328 Curii
906 4287 1000 4331 causa
1021 4265 1180 4349 cognitum
1200 4279 1284 4334 est..
