3212 5326
685 438 748 510 111

201 581 306 663 Quum
325 575 367 638 hl.
396 574 518 640 Naevius
541 589 593 638 aut
606 573 723 638 Petillii
740 574 861 638 tribuni
879 575 979 657 plebis
992 591 1177 644 accusarent
1194 580 1262 644 Sci·

164 693 303 773 pionem,
320 687 457 750 defendit
471 707 541 749 eum
554 684 625 749 Tib.
644 686 808 750 Gracchus
821 683 903 768 (Lir.
916 685 1090 761 xxxvtu,
1109 689 1158 772 51)
1174 715 1182 749 a
1206 709 1265 753 nec

164 802 271 850 tamen
282 806 319 848 ea
329 785 471 848 oratione
482 798 547 846 tum
557 803 629 846 usus
643 796 702 858 est,
717 803 784 865 qun
799 783 958 848 serebatur
972 785 1029 848 sub
1044 785 1109 868 ejus
1119 789 1262 866 nomine;

163 889 293 952 sedhoec
308 883 424 960 oratio,
437 886 476 947 de
488 885 576 967 cujus
590 895 719 948 auctore
731 885 836 948 Liuius
852 886 986 960 dubitat,
1003 888 1041 948 ad
1057 884 1089 948 id
1099 886 1264 968 pertinuit,

164 1003 200 1050 ut
215 989 285 1066 Tib.
302 987 466 1052 Gracchus
488 987 668 1069 Scipionem
682 986 858 1068 aliquando,
892 987 946 1068 qui
961 987 1164 1049 tribuniciam
1186 1003 1268 1072 pote-

164 1095 276 1148 statem
290 1083 464 1146 violaverat
478 1083 557 1166 (liv.
573 1079 619 1144 ib.
636 1103 664 1144 c.
684 1083 754 1170 56),
769 1084 1001 1146 111111111111111
1011 1085 1160 1166 eriperet.

429 1263 476 1332 V.
504 1267 554 1333 L.
567 1261 741 1357 Papirius
757 1258 1010 1356 Fregellanus.
1029 1347 1032 1354 Ι

211 1427 277 1490 Cic.
295 1429 382 1488 Brut.
400 1447 429 1489 c.
442 1423 497 1498 to,
516 1423 575 1486 110
593 1446 601 1484 :
618 1425 709 1506 Apud
723 1421 858 1504 majores
875 1435 997 1486 nostros
1010 1424 1102 1486 video
1113 1419 1275 1488 disertissi-

171 1544 254 1585 mum
266 1523 406 1608 habitum
420 1543 459 1584 ex
473 1519 562 1583 Latio
576 1521 613 1583 L.
630 1519 791 1604 Papirium
801 1520 1030 1600 Fregellanum,
1047 1518 1119 1582 Tib.
1136 1523 1277 1586 Gracchi

171 1623 208 1683 P.
226 1623 261 1684 F.
278 1623 347 1684 fere
360 1633 468 1683 aetate:
485 1619 552 1702 ejus
569 1621 663 1682 etiam
677 1619 779 1683 oratio
799 1631 847 1681 est
858 1641 917 1698 pro
931 1619 1126 1700 Fregellanis
1138 1619 1278 1680 coloniis·
1303 1621 1324 1689 8

171 1739 229 1802 que
245 1719 376 1794 Latinio,
391 1716 502 1780 habita
515 1719 550 1782 in
563 1729 683 1779 senatu.

212 1827 265 1880 Til.
287 1827 412 1895 Gracchi]
435 1827 495 1880 Tib.
519 1839 546 1879 et
563 1828 594 1879 C.
620 1825 810 1887 Gracchorum,
825 1826 994 1878 tribunorum
1015 1825 1066 1896 pl.,'
1092 1827 1185 1896 patris.
1208 1827 1276 1880 vide

246 1913 343 1968 Orellii
357 1927 446 1966 notam
460 1915 489 1965 in
502 1914 567 1966 edit.
580 1909 687 1982 majore.
698 1915 737 1964 De
746 1911 884 1984 Fregellis,
903 1911 1006 1964 colonia
1023 1913 1202 1964 Romanorum
1215 1913 1277 1966 inde

158 2019 162 2028 ·
245 2001 279 2053 ab
290 2019 360 2052 anno
375 2001 437 2064 116,
452 2017 478 2052 1.
496 2001 630 2052 Mannert.
642 1995 789 2050 Italiavol.
800 1999 822 2062 l,
833 2017 862 2068 p.
878 1999 940 2051 611.
950 1999 989 2050 Ae
1002 1997 1034 2049 de
1044 1992 1105 2067 jure
1113 1997 1279 2051 coloniarum

228 2109 230 2116 ‘
247 2087 491 2158 antiquissimarum
504 2087 559 2159 egit
579 2084 710 2138 Niebuhr.
726 2085 886 2138 ilistllonr.
907 2083 961 2138 rol.
973 2083 1048 2156 ll,p.
1065 2087 1096 2144 at
1108 2085 1211 2155 sqch,
1226 2103 1278 2139 sec.

501 2252 562 2323 Vl.
590 2211 643 2321 111.Ι
671 2253 826 2325 Porcius
850 2251 955 2324 Cato.

569 2348 655 2446 [Ell.
680 2375 719 2446 p.
744 2350 886 2447 11·21.]

221 2517 265 2582 Ut
282 2517 417 2579 editores
432 2514 609 2578 orationum
628 2511 792 2579 Ciceronis
810 2514 892 2576 bene
916 2515 1067 2594 lecerunt,
1097 2519 1181 2602 quod
1198 2515 1283 2598 justo

180 2637 332 2680 annorum
347 2615 467 2688 ordine,
485 2636 545 2698 quo
557 2613 686 2695 singulae
699 2629 771 2678 sunt
783 2615 909 2692 habitae,
923 2637 976 2678 eas
985 2631 1221 2692 recensuerunt,
1239 2619 1285 2680 sic

181 2736 240 2797 ego
254 2717 410 2801 imprimis
426 2717 598 2778 curandum
617 2735 683 2778 esse
698 2715 883 2790 existimavi,
907 2728 942 2776 ut
965 2719 1120 2780 orationes
1144 2719 1283 2790 Catonis,

182 2834 311 2894 quarum
330 2833 388 2894 par
409 2823 456 2872 est
476 2830 634 2880 numerus,
653 2827 807 2868 annorum
830 2809 925 2870 series
938 2811 1107 2891 exciperet.
1126 2814 1163 2873 ld
1184 2826 1287 2874 autem

179 2909 246 2990 jam
257 2921 330 2970 ante
337 2928 387 2968 me
397 2908 431 2967 in
443 2906 587 2988 pluribus
598 2901 753 2966 Ausonius
763 2901 881 2984 Popma
893 2904 1057 2986 explorare
1066 2899 1193 2978 studuit,
1207 2909 1287 2970 Lion

183 3024 260 3067 vero
274 3003 473 3082 (Catoniana,
487 2998 632 3082 Gotting.
652 2998 743 3083 1826)
763 3002 797 3062 in
816 3001 912 3065 nulla.
938 3003 1010 3064 Hoec
1026 3017 1129 3066 autem
1152 3004 1233 3068 ratio
1248 3009 1308 3070 ad

183 3101 366 3180 interiorem
380 3097 446 3180 ejus
459 3099 522 3162 viri
537 3097 746 3180 cognitionem
760 3095 888 3160 multum
902 3099 997 3160 valet.
1012 3097 1208 3164 Exstiterunt
1221 3101 1288 3184 ejus

185 3202 341 3266 orationes
369 3199 500 3284 amplius
521 3213 645 3282 centum
666 3199 912 3282 quinquaginta,
943 3221 1018 3282 quas
1040 3201 1151 3282 legisse
1176 3205 1289 3270 Cicero

185 3297 298 3362 scribit
310 3301 345 3363 in
361 3301 458 3363 Bruto
473 3319 501 3362 c.
522 3297 573 3372 11,
587 3302 638 3376 65,
654 3301 698 3362 ita
713 3312 748 3361 ut
762 3319 891 3362 numero
903 3295 1100 3376 Ciceronem,
1118 3305 1205 3388 cujus
1215 3327 1288 3370 ceu-

186 3413 252 3460 tum
265 3396 441 3460 orationum
454 3397 520 3460 fere
534 3393 679 3458 notitiam
692 3389 851 3468 habemus,
871 3416 934 3460 non
949 3397 1049 3460 solum
1063 3415 1211 3482 aequaret,
1236 3403 1291 3464 sed

187 3495 285 3556 multo
308 3495 454 3556 anteiret.
484 3493 576 3556 Nunc
601 3491 732 3572 vestigia
760 3493 931 3572 nonaginta
966 3491 1144 3557 orationum
1166 3498 1291 3560 Catonis

188 3591 353 3676 [Popmact
363 3591 441 3654 Lion
453 3604 571 3673 septem
582 3602 614 3652 et
625 3589 821 3672 septuaginta
832 3591 1067 3677 enumerarunt)
1081 3586 1194 3654 relicta
1203 3605 1287 3655 sunt.

189 3693 341 3755 Miramur
362 3711 438 3754 sane
460 3691 643 3753 immensam
666 3687 822 3752 actionum
843 3685 964 3772 copiam
983 3687 1073 3774 hujus
1092 3686 1173 3765 viri,
1199 3707 1291 3775 atque

191 3812 292 3875 opera
305 3789 441 3876 pretium
459 3803 516 3868 est,
533 3810 641 3852 causas
654 3787 719 3872 ejus
733 3787 781 3852 rei
795 3786 988 3872 inquirendi.
1006 3793 1045 3850 In
1056 3789 1112 3851 doc
1126 3796 1199 3852 viro
1208 3809 1292 3853 tanta

103 3889 107 3894 ’
190 3899 240 3954 vis
258 3899 359 3954 animi
381 3896 556 3978 ingeniique
569 3887 650 3973 filit,
667 3905 702 3953 ut
724 3887 830 3956 Livius
848 3891 946 3954 tradit
960 3885 1127 3971 (XXXIX,
1143 3891 1225 3978 40),
1242 3911 1291 3967 ut,

190 4010 375 4076 quocumque
392 3989 459 4050 loco
480 4003 672 4058 antecessor,
689 3989 851 4070 fhrtnnam
875 3989 934 4049 sibi
954 3995 1021 4070 ipse
1029 3993 1174 4074 ficturus
1186 3995 1293 4073 fitisse

192 4089 355 4148 videretur.
372 4089 409 4150 N
407 4089 468 4148 ulla
479 4109 530 4147 ars
540 4107 637 4172 neque
648 4091 780 4166 ρνίναιω
795 4107 891 4172 neque
900 4087 1033 4166 publicae
1048 4094 1096 4148 rei
1105 4089 1250 4170 gerendae
1264 4097 1295 4150 ei

192 4185 297 4266 defici.
328 4185 469 4246 Urbanas
497 4189 688 4269 rusticasque
710 4205 760 4245 res
778 4187 898 4264 pariter
917 4184 1057 4246 callebat.
1081 4185 1137 4245 Ad
1157 4208 1294 4247 summos

193 4282 324 4345 honores
333 4285 416 4346 alios'
425 4288 551 4345 scientia
560 4277 652 4364 juris,
666 4279 745 4344 alios
759 4280 937 4368 eloquentia,
954 4283 1033 4347 alios
1043 4283 1140 4366 glon'a
1152 4285 1294 4346 militaris
1333 4341 1337 4354 ,
