3288 5344
749 473 770 520 r

207 583 348 679 collegi.
363 587 455 678 Quat
469 584 698 656 &annueram
711 585 828 658 chero
842 586 1074 685 quadruplici.
1099 591 1308 678 Moram,

209 706 477 795 historicorum,
502 724 708 805 pomarum,
732 709 984 784 miseellorum.
1010 714 1106 786 lotor
1132 712 1310 788 miscellor

208 837 428 934 precipuum
456 837 651 910 Varronem
680 859 882 936 posueram.
912 841 1031 938 litque
1060 839 1137 914 lunc
1171 865 1243 916 uon
1272 846 1310 916 in

208 983 323 1035 meum
337 961 452 1036 solum
469 981 588 1049 uuam,
607 964 668 1036 aed
688 962 881 1059 publicum,
899 965 966 1036 nisi
985 965 1097 1039 risum
1115 965 1215 1040 aliter
1228 979 1308 1052 rotro

206 1085 419 1172 cuidamque
436 1087 576 1172 luissu,
602 1089 663 1186 qui
680 1103 836 1186 coeptum
853 1085 921 1162 hoc
934 1109 1040 1161 omne
1056 1109 1173 1164 meatu
1187 1091 1307 1164 tuilia-

205 1213 270 1282 rit.
290 1215 371 1284 Non
389 1213 528 1300 laude,
545 1237 597 1287 nc
618 1235 730 1302 erres,
759 1213 969 1314 acd(ditam
983 1237 1069 1290 rete
1091 1231 1129 1290 et
1152 1215 1306 1304 fortiter,

203 1343 272 1413 etsi
293 1365 420 1440 parum
433 1344 606 1442 comiter)
622 1346 717 1444 turpi
727 1343 837 1418 iurto.
857 1385 908 1400 -κ
924 1345 959 1417 la
975 1359 1119 1443 partem
1137 1345 1311 1442 fragmen·

206 1481 323 1540 torum
333 1491 498 1542 eorune
514 1469 709 1544 domornea
723 1468 870 1544 abstulit
879 1469 971 1543 aiala
986 1487 1027 1544 et
1047 1487 1168 1566 togate
1187 1491 1306 1544 nanu.

205 1591 582 1670 instructionum
606 1597 762 1670 animatu
783 1599 820 1668 iu
845 1611 965 1691 coepto
987 1615 1099 1694 opere
1123 1597 1307 1694 pergendi,

205 1721 286 1816 quia
305 1735 342 1792 ct
360 1720 512 1794 tlillicilis
534 1723 745 1796 instauratio
764 1723 913 1821 jactura
934 1723 1011 1820 ejus
1036 1719 1123 1794 milti
1149 1723 1242 1810 risa,
1270 1734 1308 1794 et

204 1863 327 1943 posteo
344 1848 516 1935 intellexi,
533 1850 662 1922 lanum
678 1866 843 1924 nostrum
860 1851 1019 1922 Deusara
1036 1849 1196 1922 eumdem
1212 1847 1308 1920 labo·

202 1975 382 2045 reinserio
392 1973 606 2046 ebbomsse.
627 2005 643 2038 ι
661 2013 709 2028 -·
722 1977 841 2046 Dousa
856 1997 941 2046 reru
958 1976 994 2046 in
1008 1973 1215 2071 prefatione
1230 1973 1304 2046 Lu-

205 2097 277 2168 cilii
296 2099 438 2194 auiipse
452 2095 568 2168 eluit:
591 2127 608 2162 α
624 2099 736 2195 Cujus
751 2099 930 2196 specimen
954 2113 989 2171 et
1009 2099 1109 2196 qtnei
1122 2112 1266 2193 gustum
1277 2100 1311 2170 ai

204 2222 302 2294 robis
325 2247 400 2296 non
430 2225 606 2318 ingratum
634 2222 738 2298 luisse
766 2245 993 2320 cognovero,
1022 2223 1198 2322 protelato
1222 2223 1309 2296 nolti

205 2349 302 2420 eritis
313 2349 359 2420 ad
374 2348 522 2421 similem
537 2349 745 2420 iudustriam
760 2350 1010 2446 experiundam
1030 2373 1103 2422 non
1118 2363 1255 2422 tannim
1268 2349 1308 2420 in

205 2478 319 2572 poetis
331 2474 490 2575 reliquis,
507 2478 570 2552 sod
585 2477 672 2551 etin
684 2478 859 2552 historicis
872 2495 908 2552 et
922 2479 1135 2567 emtoribus,
1150 2499 1308 2577 qnorum

205 2603 597 2699 partirninteriuerunt‚
623 2607 693 2678 imo
708 2621 745 2678 et
759 2605 975 2704 prefuerunt
991 2605 1107 2695 bellio,
1124 2608 1253 2705 partim
1269 2607 1307 2678 iu

204 2745 326 2802 senato
340 2745 377 2803 et
390 2731 521 2829 populo
534 2729 595 2804 illo
610 2731 739 2804 versati
753 2748 852 2818 sunt,
868 2732 928 2804 ubi
941 2731 1080 2804 assidua
1093 2733 1258 2804 materies
1271 2747 1309 2804 et

203 2859 345 2953 agitatio
354 2857 481 2929 haruin
496 2879 628 2928 rerum.
650 2887 665 2920 »
685 2857 832 2946 Verum,
843 2873 885 2928 ut
897 2855 1105 2954 supradixi,
1120 2855 1308 2953 nequehic

203 3005 320 3076 neque
337 2979 399 3051 illa
413 2997 533 3076 coepta
554 2976 724 3063 absolut,
752 2979 910 3075 quamtis
922 2995 1082 3076 uterque
1101 3001 1180 3051 rem
1198 2977 1309 3050 utilis-

205 3104 325 3176 sinan
341 3099 416 3174 iore
437 3101 645 3199 judicasset.
678 3103 750 3174 linc
775 3099 914 3174 silentio
938 3100 1211 3199 pretermittere
1230 3121 1307 3198 poe·

204 3257 298 3320 sum,
320 3233 421 3332 quod
437 3255 555 3330 nuper
570 3235 605 3304 in
629 3231 840 3331 Bernhardy
859 3233 1005 3306 historia
1030 3231 1307 3329 ingeniosissima

204 3355 382 3427 literarum
402 3356 642 3426 Romanarum
665 3379 701 3450 p.
728 3353 899 3450 taringi,
920 3377 1028 3450 aegre,
1057 3375 1125 3426 nee
1151 3355 1226 3427 sine
1253 3356 1309 3452 ja·

204 3494 303 3549 ctura
318 3477 497 3550 literarum
515 3478 632 3550 adhuc
653 3477 846 3550 desiderari
864 3492 1045 3550 oritorum
1061 3471 1309 3549 collectionem

205 3605 495 3700 fragmentorum.
509 3605 548 3678 ld
562 3629 648 3678 rero
658 3605 826 3703 imprimis
835 3608 975 3696 sentiet,
993 3607 1206 3704 quicumque
1215 3607 1304 3676 Bru·

205 3747 279 3802 tum
298 3731 477 3804 Ciceronis
492 3749 529 3804 et
542 3730 750 3828 Quintiliani
762 3727 892 3805 librum
908 3733 1081 3806 aeonum
1095 3733 1243 3804 interius
1257 3733 1306 3804 in-

203 3859 361 3958 telligere
375 3864 509 3960 cupiet,
527 3877 564 3934 et
579 3863 624 3934 ad
639 3863 738 3934 hune
751 3885 857 3936 usum
873 3887 940 3960 ego
954 3865 1102 3960 primurn
1122 3859 1304 3936 consilinm

204 3986 280 4080 ejus
295 3985 345 4056 rei
364 3986 456 4080 cepi,
476 3987 673 4082 praesertirn
688 4009 766 4056 cum
783 3984 897 4058 fontes
913 3982 1139 4082 rivulosque‚
1169 3983 1205 4066 in
1231 3985 1304 4080 qui·

205 4107 272 4178 bus
293 4125 471 4180 oratorum
489 4109 678 4204 fragmenta
703 4111 825 4195 latent,
841 4111 913 4204 jam
937 4125 1041 4181 autea
1059 4108 1302 4204 cognovissem
