3288 5344
899 478 941 549 16

367 619 507 685 Gracchi
518 613 752 681 vehementiam
773 623 805 676 et
825 611 930 676 Crasd
944 613 1168 688 maturitatem,
1183 629 1274 696 quam
1288 625 1375 676 recte
1390 615 1473 678 calae

368 717 484 779 mistris
506 713 685 778 Maecenatis
708 721 742 776 et
765 710 892 774 tinnitui
920 711 1076 776 Gallionis
1102 711 1327 794 praeferendam
1349 714 1469 775 censuit

367 831 477 880 auctor
491 813 624 877 Dialde
637 825 756 876 orator.
768 834 796 876 c.
821 811 875 886 26,
886 810 953 894 jam
966 811 1094 874 Catonis
1102 813 1276 894 fragmenta
1285 789 1419 894 majtlra,
1435 813 1469 875 in
1506 801 1508 806 ’

362 913 475 997 'primis
484 917 550 994 quac
561 911 640 994 apud
654 913 694 972 tl.
706 903 843 975 Gellium
849 921 987 989 11111111,
996 924 1063 972 arte
1071 909 1193 991 quidem
1204 911 1425 986 destituuntur,
1438 921 1469 973 at

366 1015 458 1096 plena
467 1024 539 1073 suut
553 1009 696 1092 generosi
705 1009 841 1091 spiritus.
856 1009 962 1092 Quare
977 1026 1038 1072 nec
1050 1009 1116 1090 ipse
1127 1011 1168 1072 t.
1179 1006 1305 1074 Gellius
1319 1007 1469 1093 (ceterum

366 1112 529 1173 immodico
544 1111 675 1192 quodam
692 1107 886 1188 antiquitatis
897 1105 997 1169 studio
1017 1119 1126 1189 captus
1136 1107 1150 1194 )
1160 1127 1261 1189 neque
1280 1107 1393 1171 Cicero
1408 1109 1469 1171 cul·

366 1209 477 1288 pandi,
494 1227 565 1269 cum
574 1220 696 1268 ueteres
708 1205 851 1266 laudibus
865 1204 999 1284 egregiis
1008 1203 1113 1266 lerunt
1124 1203 1168 1290 (t.
1178 1206 1267 1266 Brut.
1281 1223 1310 1266 c.
1328 1203 1381 1278 16,
1390 1203 1465 1266 1111.

368 1307 440 1394 33);
455 1328 514 1369 nec
526 1303 658 1367 absurde
668 1303 801 1387 Quintil.
817 1306 971 1370 Cicerone
985 1317 1145 1387 praeeunte
1158 1301 1310 1388 judicavit
1325 1305 1396 1380 llll,
1416 1305 1467 1381 10,
1556 1301 1560 1310 '

367 1405 420 1483 45,
434 1405 505 1466 coll.
518 1399 558 1476 x,
574 1404 604 1478 1,
619 1402 680 1478 40,
700 1402 797 1464 multa
811 1403 959 1466 aCatone
974 1401 1181 1482 Gracchoque
1194 1401 1313 1464 oratori
1323 1403 1466 1483 petenda.

365 1509 522 1568 Praeterea
537 1503 672 1566 conferri
684 1516 821 1586 possunt,
840 1521 936 1586 quara
950 1501 1103 1567 Cicerone
1118 1504 1152 1565 in
1164 1505 1251 1565 Brut.
1268 1521 1298 1564 c.
1316 1502 1405 1565 ll'ct
1416 1506 1467 1580 86,

366 1601 559 1685 Quintiliano
583 1600 666 1674 llll,
690 1599 742 1676 10,
761 1601 800 1661 10
822 1613 855 1661 et
876 1601 928 1676 39,
944 1599 1027 1660 Dial.
1054 1600 1095 1660 de
1107 1611 1202 1661 oratt.
1219 1619 1249 1662 c.
1264 1598 1315 1674 18,
1332 1617 1415 1681 sqq„
1431 1601 1469 1663 de

366 1703 455 1784 hrrjus
470 1700 569 1762 aetatis
578 1700 754 1762 oratoribus
768 1699 998 1762 existimanturt
1013 1701 1093 1761 Nam
1103 1702 1142 1762 de
1155 1699 1261 1763 Crassi
1274 1689 1467 1780 fragmentis,

366 1803 401 1864 111
414 1803 541 1884 exiguis,
558 1803 602 1864 ita
617 1802 772 1878 claritate,
789 1802 822 1863 ri
836 1813 867 1864 et
882 1801 985 1863 colore
997 1801 1042 1862 sic
1057 1800 1274 1876 eminentibus,
1290 1813 1325 1862 11
1344 1801 1468 1866 Cicero·

367 1913 438 1962 nem
449 1897 566 1980 majore
580 1899 776 1962 vehementia
785 1898 923 1980 ¹unquam
931 1897 1071 1961 dubitem
1085 1895 1215 1975 dixisse,
1238 1898 1299 1961 alio
1313 1896 1382 1961 luco
1395 1899 1469 1962 ube·

366 2001 431 2062 rius
445 2001 590 2062 dicemus.
609 2001 670 2062 Sed
683 1999 874 2082 simplicibus
888 1991 1081 2075 hominibus,
1096 1999 1171 2062 licet
1185 1999 1264 2062 casti
1284 2019 1386 2062 mores
1401 2021 1470 2063 san·

365 2102 475 2164 ctitate
494 2101 587 2163 etiarn
601 2099 769 2162 verborum
783 2101 1046 2184 exprimerentur,
1074 2101 1209 2180 ingenuo
1222 2095 1470 2182 seiisu‘qutedam

365 2221 481 2283 ponere
495 2201 596 2276 libuit,
610 2218 677 2282 quae
690 2201 835 2264 cultiores
849 2211 979 2282 nepotes
989 2199 1203 2282 repudiarunt.
1218 2199 1312 2264 Velut
1327 2219 1393 2284 quae
1401 2202 1468 2266 Cic'.

361 2303 514 2364 Deerat.
538 2303 606 2377 lll,
632 2299 668 2360 ll
697 2314 730 2362 et
755 2321 792 2362 ex
813 2321 850 2364 eo
875 2299 1086 2384 Quintilianus
1100 2301 1195 2376 Vlll,
1224 2305 1255 2378 6,
1281 2302 1333 2378 15,
1357 2321 1468 2385 parunt

366 2399 479 2460 munde
494 2399 578 2461 dicta
594 2399 702 2475 refert,
720 2414 834 2458 stercus
847 2403 939 2458 curiae
953 2397 1119 2458 Glauciam
1138 2411 1171 2460 et
1188 2394 1361 2460 *casnetum
1381 2403 1414 2461 A
1407 2399 1470 2482 fii

368 2501 439 2556 cani
457 2507 556 2557 morte
569 2495 812 2578 rempublicam,
836 2517 903 2580 quac
924 2497 1041 2579 partim
1062 2497 1218 2576 mendose,
1234 2500 1351 2582 partim
1367 2501 1471 2562 exin·

368 2610 612 2680 terpretamento
623 2597 800 2661 Marcianus
810 2597 1050 2680 Capellallhett.
1063 2618 1094 2682 p.
1105 2599 1180 2674 425,
1192 2601 1243 2662 ed.
1254 2601 1467 2684 Capperonn„

367 2695 488 2760 editore
502 2695 580 2757 nibil
591 2709 730 2768 notante,
747 2696 791 2758 sic
807 2695 904 2757 relert
921 2717 929 2757 =
951 2695 1124 2756 Castrorum
1135 2698 1302 2778 Africam,
1316 2713 1470 2758 mortuam

367 2789 612 2870 rempublicam,
630 2809 659 2852 et
683 2793 830 2854 Clodium.
843 2807 959 2852 stercus
979 2807 1100 2852 senatus
1118 2823 1153 2838 -
1168 2793 1247 2871 haec,
1262 2795 1400 2876 inquam,
1414 2813 1467 2855 ue·

367 2895 431 2956 scio
444 2912 534 2974 quem
546 2893 627 2956 illins
637 2895 735 2957 aetatis
745 2893 873 2968 dixisse,
886 2895 968 2956 haud
978 2893 1177 2974 improbabili
1192 2893 1373 2974 conjectura
1389 2913 1470 2956 asse·

351 2991 418 3074 qui
430 3011 518 3076 posse
537 2989 613 3056 mihi
627 2995 747 3058 uideor.
761 2993 1049 3080 Fortasse'alterum
1069 2996 1111 3078 Q.
1125 2994 1265 3056 Metellus
1276 2993 1465 3066 Numidicus,

366 3103 419 3151 aut
438 3092 481 3150 M.
500 3091 644 3165 Scaurus,
660 3104 695 3150 11
707 3090 857 3163 Glauciae,
875 3089 920 3149 ita
933 3089 1094 3151 Saturnini
1112 3103 1145 3151 et
1161 3090 1253 3152 Marii
1267 3089 1408 3168 inimici;
1426 3089 1469 3152 al·

365 3200 467 3251 terum
482 3189 523 3272 Q.
547 3188 685 3252 Scaevola
706 3187 819 3248 alicubi
839 3200 992 3270 posuerat.
1017 3188 1095 3250 Nam
1117 3208 1226 3272 parum
1242 3189 1329 3272 purls
1342 3191 1469 3260 auribus

365 3287 433 3347 haec
468 3285 602 3346 castiora
615 3282 822 3360 ridebuntur,
845 3303 936 3366 quam
961 3287 1041 3367 quod
1059 3288 1152 3372 borno
1175 3287 1407 3350 candidissimus
1429 3290 1467 3350 L.

365 3381 546 3460 PisoFrugi
563 3381 597 3442 in
616 3380 788 3444 Annalibus
803 3381 935 3458 dixerat,
958 3383 1163 3442 adolescentes
1177 3389 1225 3442 sui
1236 3389 1381 3463 temporis
1396 3389 1471 3464 peni

366 3501 434 3543 esse
447 3481 562 3542 deditos
574 3479 586 3563 (
596 3481 663 3544 Cic.
685 3483 742 3565 Ep.
758 3483 797 3544 ad
818 3483 885 3543 nu.
907 3483 965 3557 tx,
982 3483 1035 3558 22,
1058 3482 1110 3563 qui
1125 3466 1211 3546 locus
1226 3495 1309 3546 totus
1327 3485 1411 3546 lectu
1425 3485 1470 3546 di·

366 3582 469 3669 gnus),
480 3581 781 3666 expressitqueinani
795 3582 957 3644 uetustatis
966 3581 1163 3645 affectatione
1171 3569 1468 3670 Sallustius-Catilio.
1503 3597 1506 3602 '

367 3686 397 3742 'c.
417 3679 468 3740 14.
598 3697 600 3702 ’
1243 3709 1245 3716 ·

414 3770 658 3863 [Insepimushic
673 3775 715 3836 M.
733 3775 860 3840 Catonis
874 3774 1005 3856 aquales
1018 3775 1156 3836 seniores
1168 3787 1200 3837 et
1209 3777 1465 3840 minusillustres.

369 3877 418 3939 M.
433 3875 588 3938 Cornelius
602 3874 760 3956 Cethegus,
772 3898 801 3938 a.
817 3876 877 3940 549
888 3875 973 3948 Cos,
984 3877 1088 3958 dequo
1098 3876 1211 3940 Cicero
1221 3879 1254 3938 in
1263 3879 1360 3940 Bruto
1370 3897 1399 3940 1.
1415 3878 1466 3940 lit

369 4003 383 4034 ι
400 3979 499 4061 Quem
515 3973 719 4053 veroexstct,
737 3993 768 4040 et
786 3979 824 4040 de
846 3997 905 4060 quo
919 3977 960 4038 sit
974 3977 1131 4039 memorioe
1145 3979 1311 4060 proditum,
1323 3979 1472 4060 eloquen-

367 4079 534 4140 neminisse
552 4091 583 4139 et
604 4079 648 4140 ita
672 4096 737 4142 esse
750 4077 901 4153 habiturn,
922 4079 1040 4161 primus
1058 4091 1104 4141 est
1118 4075 1160 4140 M.
1179 4079 1275 4143 Corn.
1298 4079 1470 4160 Cethegus,

368 4173 454 4256 cujus
468 4173 651 4256 eloquentie
665 4189 712 4237 est
726 4175 843 4252 auctor,
869 4187 902 4238 et
918 4176 1047 4237 idoneus
1059 4175 1198 4256 quidem,
1212 4195 1282 4239 mea
1297 4175 1452 4239 sententia
1460 4218 1470 4250 ,

368 4271 410 4355 Q.
430 4272 566 4351 Ennius,
583 4274 857 4356 praesertimquum
868 4283 900 4335 et
911 4273 977 4356 ipse
990 4291 1060 4335 eunt
1080 4271 1225 4346 audierit,
1249 4287 1280 4335 et
1298 4273 1415 4336 scribat
1431 4273 1471 4334 de
