3212 5326
886 443 930 514 82

357 600 456 646 causac
476 579 606 663 publicae
634 582 668 641 in
693 577 910 662 questionibus
931 576 1088 660 perpetuis
1114 589 1346 640 exercerentur.
1379 581 1460 640 Prae·

359 696 446 746 terea
460 681 629 762 simplex'et
637 699 764 762 prorsus
775 681 935 762 antiquum
945 691 993 740 est
1001 677 1169 739 verborum
1179 679 1463 758 componendorum

313 797 316 804 ’
361 799 468 859 genus.
491 779 533 839 Μ.
545 775 672 838 Catonis
691 790 723 838 et
736 775 827 839 Coelii
849 797 961 839 nomen
984 792 1054 836 cnm
1075 775 1170 834 ctiam
1191 773 1266 834 alibi
1288 773 1461 854 permutari

360 878 528 948 videamus,
539 873 668 936 fortasse
683 873 736 934 hic
752 893 872 954 quoque
893 872 1004 934 scribae
1021 871 1218 935 aberrarunt.
1242 870 1393 948 Scaligeri
1411 891 1461 932 an·

361 990 424 1038 tem
445 973 618 1038 emendatio
641 971 691 1056 (p.
713 973 784 1060 114)
807 974 955 1055 quomodo
976 972 1179 1052 intelligatur,
1203 989 1266 1034 uon
1287 967 1363 1031 satis
1383 969 1460 1034 seio.

360 1071 609 1148 Accusationum,
625 1093 700 1153 quas
715 1085 791 1149 tres,
807 1091 914 1135 ornnes
929 1068 1131 1153 erepublica,
1147 1065 1237 1130 tunsa
1248 1065 1326 1130 dicit
1336 1068 1460 1162 Cicero,

362 1181 427 1239 dnae
439 1177 514 1238 satis
530 1186 611 1236 notoe
623 1187 695 1235 sunt
709 1195 717 1232 τ
734 1173 833 1236 altera
846 1174 883 1236 C.
897 1172 1037 1247 Antonii,
1055 1175 1094 1234 de
1106 1171 1296 1254 repetundis,
1311 1191 1349 1231 ex
1363 1172 1461 1234 Mace·

362 1274 473 1347 donia,
495 1291 587 1352 quam
608 1270 745 1332 triennio
764 1270 1036 1332 administraverat
1051 1265 1119 1351 (Or.
1139 1288 1196 1350 pro
1213 1266 1291 1330 Coel.
1311 1287 1340 1328 c.
1355 1268 1386 1340 1,
1409 1269 1460 1340 31;

361 1375 449 1454 Pigh.
473 1377 557 1434 Ann.
579 1373 643 1448 111,
664 1392 696 1452 p.
719 1369 793 1445 334,
813 1371 865 1446 40,
888 1370 953 1454 41).
982 1371 1102 1453 lnjuria
1117 1369 1291 1453 disceptant
1305 1371 1406 1450 intpp.
1423 1371 1459 1430 ad

360 1471 495 1554 Philipp.
517 1473 560 1544 ll,
583 1471 635 1544 23,
656 1471 814 1553 ejectusne
827 1472 861 1533 in
875 1467 1034 1543 exsilium,
1057 1491 1096 1532 an
1116 1468 1249 1552 pecunia
1263 1471 1408 1534 multatus
1422 1467 1460 1530 sit

362 1565 527 1632 Antonius.
551 1567 610 1629 Sed
625 1587 695 1630 cum
709 1568 768 1630 hac
781 1579 872 1629 aetatc
887 1569 1003 1628 nullum
1024 1567 1088 1628 sola
1107 1567 1205 1628 multa
1218 1563 1325 1628 delicti
1339 1565 1459 1648 eulpam

362 1661 456 1726 luisse
475 1663 660 1744 accepimus,
683 1677 748 1726 tum
770 1661 897 1728 miseria
917 1661 971 1724 illa
993 1661 1124 1724 Antonii
1138 1661 1172 1723 in
1181 1661 1351 1728 Vatiniana
1365 1683 1394 1723 c.
1409 1663 1459 1736 ll,

362 1758 442 1823 etin
459 1757 598 1824 Coeliaua
614 1758 693 1822 etin
708 1759 775 1843 ipsa
789 1757 965 1845 Philippica
979 1763 1021 1832 ll,
1041 1761 1091 1834 3-8,
1108 1755 1231 1834 delleta,
1247 1762 1378 1822 alteram
1393 1781 1460 1821 sen-

362 1858 494 1923 tentiam
504 1873 538 1920 nt
547 1859 734 1942 rejiciamus,
746 1857 855 1923 elficit.
873 1862 952 1922 Nam
963 1857 1213 1922 solum‘exsilium
1223 1858 1268 1922 sic
1277 1859 1460 1944 appellatur.

362 1960 434 2020 Haec
449 1979 540 2020 causa
555 1971 626 2020 acta
640 1959 762 2022 Caesare
783 1971 815 2020 et
836 1956 945 2020 Bibulo
962 1958 1050 2022 Coss.
1064 1979 1094 2021 a.
1115 1958 1188 2034 691,
1206 1961 1285 2038 apud
1298 1971 1459 2040 praetorem

362 2061 419 2120 Cn.
434 2060 596 2121 Lentulum
611 2057 805 2131 Clodianum,
829 2057 881 2140 qui
904 2057 1046 2121 usitatius
1067 2055 1283 2136 Marcellinus,
1306 2078 1366 2139 quo
1381 2079 1462 2122 anno

361 2154 506 2219 tribunus
523 2154 622 2237 plebis
633 2156 790 2230 Vatinius,
808 2156 939 2217 Antonii
957 2155 1112 2228 inimicus,
1133 2156 1268 2218 clausula
1288 2153 1463 2238 adjicienda

363 2251 515 2314 beneficio
527 2252 611 2330 ‘legis
629 2271 718 2314 reum
738 2253 880 2314 exclusit.
907 2253 997 2334 Quod
1020 2253 1134 2314 acerbe
1156 2251 1324 2334 exprobrat
1339 2255 1464 2316 Vatinio

364 2353 489 2424 Cicero,
506 2352 557 2430 qni
579 2351 613 2410 in
632 2351 770 2413 Antonio
789 2353 980 2413 defendendo
996 2351 1110 2413 frustra
1124 2352 1331 2416 laboraverat.
1355 2355 1461 2442 Genus

364 2467 463 2510 causta
476 2446 618 2523 mixtum,
634 2448 672 2508 dc
682 2448 865 2508 Macedonia
878 2448 1043 2530 provincia
1056 2449 1135 2509 male
1143 2445 1267 2522 habita,
1280 2461 1312 2510 et
1324 2451 1463 2530 perduel·

362 2545 447 2609 lione
457 2543 659 2626 Catilinaria;
677 2549 759 2611 unde
774 2549 901 2622 lactum,
915 2561 950 2608 nt
965 2551 1207 2630 repetundarum
1218 2549 1385 2622 absolutus,
1398 2571 1461 2612 ma·

361 2645 482 2728 jastatis
504 2645 717 2708 damnaretur.
748 2645 983 2728 subscriptores
1006 2646 1119 2710 Coelius
1145 2645 1253 2709 habuit
1274 2650 1314 2730 Q.
1337 2649 1462 2710 Fabium

362 2741 528 2804 Maximum
553 2753 585 2802 et
606 2743 643 2802 C.
664 2739 830 2804 Caninium
851 2745 995 2821 Gallum3
1022 2756 1057 2804 ut
1079 2747 1169 2826 paulo
1193 2739 1295 2805 minus
1318 2759 1463 2807 accurate

362 2838 505 2902 Valerius
516 2839 597 2900 Max.
607 2839 662 2915 lV‘,
673 2839 704 2912 2,
716 2841 745 2913 6,
761 2859 779 2900 a
791 2839 923 2902 Caninio
935 2843 1114 2902 damnatum
1126 2842 1296 2904 Antonium
1309 2843 1459 2904 dixerit...

361 2939 469 3001 Altera
483 2940 637 3002 accusatio
659 2955 705 3004 est
724 2939 760 3002 C.
779 2941 956 3022 Sempronii
979 2942 1117 3003 Atratini
1137 2944 1175 3003 de
1198 2941 1331 3016 ambitu,
1354 2945 1460 3004 eodem

360 3035 458 3098 ferme
472 3050 611 3116 tempore
625 3049 704 3110 acta,
713 3039 768 3098 -vcl
779 3057 862 3097 anno
876 3051 949 3097 ante
966 3057 1055 3116 qnam
1070 3039 1109 3100 ab
1124 3037 1206 3100 illius
1220 3038 1284 3100 filio
1295 3041 1465 3120 postulare.

290 3160 304 3180 ‹
359 3149 424 3196 tur.
449 3135 501 3198 Sic
522 3137 630 3196 saltem
651 3156 670 3194 a
690 3137 799 3213 Pighio
821 3137 973 3198 creditum
995 3153 1052 3198 est.
1079 3140 1140 3202 Sed
1162 3159 1231 3200 cnm
1250 3139 1307 3200 filii
1326 3141 1462 3202 Atratini

364 3245 489 3292 aetatem
503 3233 678 3304 considero,
696 3233 794 3312 magis
809 3233 964 3316 magisque
978 3235 1011 3296 in
1026 3237 1058 3296 id
1072 3237 1189 3302 inclino
1204 3251 1239 3298 ut
1253 3258 1378 3300 cursum
1390 3239 1461 3301 vitae

359 3331 491 3413 publieae
506 3345 537 3392 et
551 3329 653 3392 civilis
659 3331 703 3391 *ab
714 3333 772 3393 hac
785 3334 907 3396 actione
920 3354 1023 3396 orsum
1035 3337 1165 3399 Coelium
1178 3339 1312 3411 credam,
1325 3341 1459 3401 nondum

361 3423 567 3510 quaestorium.
584 3425 728 3489 Ceterum
740 3427 829 3508 hujus
844 3430 1050 3493 accusationis
1065 3433 1142 3494 nihil
1154 3449 1266 3516 praeter
1279 3437 1459 3498 memoriam

360 3537 470 3606 exstat.
494 3525 542 3585 De
559 3523 654 3584 tertia
669 3527 865 3588 accusatione
881 3549 944 3590 non
959 3529 1035 3589 satis
1049 3527 1157 3609 liquetss
1181 3533 1319 3613 Recepta
1339 3534 1459 3614 quidem

287 3696 291 3704 Ι
360 3635 407 3684 est
421 3623 457 3682 P.
473 3621 605 3684 Manutii
619 3621 781 3697 sententia,
796 3625 837 3683 D.
852 3623 1009 3703 cujusdam
1024 3624 1109 3686 Laelii
1124 3628 1224 3704 luisse,
1242 3627 1329 3709 cujus
1347 3651 1459 3711 nomen

357 3718 394 3777 in
413 3718 527 3780 incerti
548 3717 609 3779 loci
629 3718 801 3798 fragmento
819 3719 959 3784 Caeliano
980 3743 1145 3788 occurrere
1159 3727 1221 3788 viri
1235 3725 1319 3788 docti
1333 3741 1457 3789 notave·

359 3829 434 3876 runt
447 3820 486 3878 ad
499 3817 687 3899 Quintilian.
700 3820 755 3892 Vl,
774 3818 804 3893 3,
821 3819 858 3879 39
875 3833 907 3880 et
922 3821 976 3894 41,
993 3819 1046 3884 ubi
1062 3822 1239 3886 festivitatis
1253 3829 1392 3908 exemplo
1407 3845 1458 3906 po·

359 3909 451 3974 situm
469 3927 526 3974 est.
553 3911 696 3995 Sequitur
714 3915 796 3975 hanc
817 3915 1002 3978 sententiam
1020 3919 1166 3981 Ernestus
1184 3921 1217 3981 in
1235 3921 1332 3984 Clave
1346 3920 1413 3985 Cic.
1427 3933 1458 3982 et

358 4007 527 4071 Wetzelius
549 4011 587 4072 ad
607 4013 694 4071 Brut.
718 4029 746 4070 c.
762 4011 815 4080 19,
834 4030 940 4074 omnes
961 4033 1022 4076 uno
1042 4013 1237 4097 Quintiliano
1256 4015 1330 4080 nisi.
1355 4021 1460 4100 Neque

354 4123 433 4166 sane
446 4127 634 4190 magnopere
649 4125 717 4170 cum
735 4105 915 4188 Spaldingio
931 4111 1161 4186 contenderim,
1184 4130 1287 4178 utrum
1301 4119 1346 4178 D.
1366 4139 1405 4180 an
1423 4117 1459 4176 C.

353 4203 442 4276 laelii
454 4201 496 4270 sit
511 4226 700 4289 praenomen,
719 4209 790 4272 dum
806 4219 974 4289 constaret,
992 4213 1086 4280 talem
1100 4213 1256 4282 hominem
1272 4238 1291 4282 a
1305 4237 1459 4301 quoquam
