3212 5326
878 451 942 522 108

293 559 304 570 ⁵
357 588 560 663 conveniens,
574 600 605 648 et
622 585 669 648 illi
688 597 832 651 auctores
845 589 993 670 sequendi
1008 599 1090 661 sunt,
1109 587 1162 672 qui
1176 609 1247 654 cum
1261 589 1298 652 L.
1310 587 1415 671 Scipio
1430 602 1464 652 et

356 697 517 748 accusatus
531 695 563 746 et
577 685 740 747 damnatus
760 685 801 747 sit
822 686 962 768 pecuniae
981 699 1080 770 captoe
1100 689 1139 752 ab
1160 705 1251 767 rege,
1271 685 1406 767 legatum
1429 686 1464 748 in

354 781 480 846 Etruria
499 781 593 844 fuisse
615 781 798 845 Africanum
819 787 947 847 tradunt
958 774 977 846 ax
992 801 1051 865 quo
1073 797 1144 868 post
1163 785 1336 863 lamamde
1355 783 1465 846 fratris

327 903 330 910 “
356 879 585 952 caesenatem,
609 880 720 942 relicta
733 877 890 966 legatione
905 878 1080 945 cucurrisse
1094 903 1164 945 eum
1178 883 1326 960 Romsm3
1343 891 1376 944 et
1390 901 1462 943 eum

356 989 480 1061 aperta
494 991 582 1041 recta
602 977 641 1039 ad
658 979 758 1041 iomm
772 999 804 1042 se
819 979 1014 1058 contulisset,
1031 984 1111 1062 quod
1124 981 1159 1043 in
1173 981 1299 1043 vincula
1313 979 1385 1042 duci
1397 980 1461 1041 sra-

354 1087 437 1136 trem
451 1074 568 1136 dictum
582 1087 661 1150 erat,
678 1077 827 1158 repulisse
842 1097 861 1138 a
876 1097 1008 1159 corpore
1022 1077 1089 1158 ejus
1105 1079 1270 1152 viatorem,
1282 1089 1314 1140 et
1327 1075 1463 1138 tribunis

354 1175 565 1238 retinentibus
574 1175 673 1254 magis
686 1175 737 1257 pie
748 1195 841 1257 quam
851 1174 988 1240 civiliter
998 1175 1063 1241 vim
1073 1179 1191 1241 iecisse.
1209 1178 1291 1241 ilinc
1302 1177 1387 1240 enim
1396 1177 1464 1260 ipse

354 1278 518 1343 Gracchus
533 1277 683 1358 queritur,
701 1274 881 1341 dissolutam
901 1299 967 1342 esse
987 1299 1006 1341 a
1026 1280 1150 1362 privato
1165 1279 1361 1344 tribunitiam
1376 1289 1463 1362 pote·

353 1389 481 1452 statem,
503 1377 590 1439 etad
605 1389 813 1459 postremum,
830 1399 900 1441 cum
915 1379 1062 1442 auxilium
1076 1383 1112 1443 L.
1128 1381 1269 1463 Scipioni
1282 1377 1459 1464 pollicetur,

354 1474 463 1556 adjicit
477 1470 698 1537 tolerabilioris
713 1477 847 1558 exempli
860 1497 942 1550 esse,
959 1497 977 1538 a
993 1476 1120 1540 tribuno
1138 1477 1238 1560 plebis
1254 1477 1460 1559 potiusquam

355 1593 374 1634 a
385 1573 512 1655 privato
521 1572 637 1634 vietam
644 1573 747 1635 rideri
758 1587 788 1636 et
797 1572 993 1636 tribunitiam
1004 1587 1186 1658 potestatem
1198 1589 1229 1639 ct
1237 1575 1461 1657 rempublicam

355 1689 431 1732 esse.
457 1671 520 1732 Sed
534 1669 578 1731 ita
592 1671 675 1731 hanc
689 1691 783 1732 unam
797 1669 864 1752 ejus
877 1672 1080 1755 impotentem
1095 1672 1243 1753 injuriam
1258 1671 1377 1734 invidia
1391 1691 1461 1734 one·

354 1781 418 1843 rat,
428 1783 473 1843 ut,
483 1770 689 1853 increpando,
700 1773 780 1852 quod
789 1773 992 1852 degenerauit
1003 1783 1122 1835 tantum
1135 1793 1154 1835 a
1165 1774 1283 1856 seipse,
1293 1771 1463 1834 cumulatas

355 1864 385 1930 e'i
394 1881 515 1932 veteres
527 1865 634 1932 laudes
647 1871 868 1933 moderationis
882 1885 914 1934 et
927 1872 1142 1954 temperantiae
1153 1891 1210 1954 pro
1221 1871 1461 1954 reprehensione

355 1965 503 2050 ptmscnti
512 1969 640 2030 reddat.
657 1969 849 2049 castigatum
864 1970 948 2032 enirn
963 1971 1117 2051 quondam
1132 1971 1171 2032 ab
1187 1991 1224 2033 eo
1235 1969 1392 2052 populum,
1404 1969 1459 2045 uit,

355 2067 436 2149 quod
450 2087 521 2130 eum
534 2078 717 2152 perpetuum
732 2071 891 2134 consulem
905 2083 938 2134 et
951 2072 1138 2134 dictatorern
1151 2071 1244 2134 vellet
1256 2071 1373 2145 facere,
1387 2090 1456 2154 pro·

353 2171 491 2233 hibuisse
504 2184 622 2234 statuas
635 2172 696 2234 sibi
708 2174 743 2234 in
758 2173 897 2246 comitio,
908 2173 942 2232 in
951 2173 1073 2244 rostris,
1085 2173 1120 2233 in
1132 2171 1231 2251 curia,
1245 2171 1278 2234 in
1292 2171 1456 2254 Capitolio,

352 2267 387 2333 in
403 2272 483 2334 cella
495 2273 584 2335 Jovis
598 2273 690 2353 poni,
706 2272 914 2354 prohibuisse,
932 2291 973 2334 ne
987 2274 1227 2348 decerneretur,
1242 2285 1278 2334 ut
1291 2272 1394 2352 imago
1409 2292 1461 2336 sua

354 2371 535 2452 triumphali
549 2383 663 2432 ornatu
682 2393 700 2433 e
719 2373 834 2454 templo
849 2371 939 2434 Joris
953 2371 1065 2453 optimi
1079 2369 1206 2434 maximi
1220 2371 1331 2434 exiret.
1354 2367 1458 2458 [Cerri.

355 2493 385 2535 e.
402 2464 471 2556 52]

397 2572 529 2636 Constat
549 2587 636 2646 ergo,
658 2568 832 2632 orationem
853 2570 952 2646 illam,
970 2589 1037 2649 qum
1050 2569 1221 2646 ferebatur,
1237 2567 1308 2632 Tib.
1325 2566 1459 2633 Gracchi

308 2670 329 2739 5
355 2673 456 2753 proP.
465 2666 611 2748 Scipione
622 2685 698 2741 non,
709 2685 779 2728 curn
792 2664 1021 2731 aNaevio'l'rih.
1033 2667 1076 2748 pl.
1086 2666 1303 2740 accusabatur,
1312 2661 1461 2747 scriptam

353 2764 460 2839 fuisse,
474 2767 528 2827 sed
541 2785 612 2826 eum
623 2775 808 2845 potestatem
816 2762 1015 2828 tribunitiam
1028 2762 1210 2826 violaverat.
1225 2763 1317 2845 Quod
1326 2758 1461 2844 pertinet

355 2866 394 2926 ad
405 2883 521 2926 annum
532 2863 575 2929 U·
589 2863 662 2930 566,
676 2881 735 2942 quo
746 2859 891 2925 tribunus
903 2859 1004 2945 plebis
1015 2875 1085 2923 erat
1095 2859 1166 2921 Tib.
1179 2859 1356 2922 Gracchus.

397 2959 466 3024 Cic.
489 2961 537 3021 De
558 2970 640 3019 orat.
658 2959 690 3033 l,
716 2962 756 3022 9:
780 2959 846 3039 Ego
867 2979 944 3022 uero
964 2956 992 3019 si
1014 2954 1111 3020 velim
1131 2969 1165 3018 et
1185 2967 1302 3017 nostrae
1324 2951 1459 3017 civitatis

355 3055 507 3138 exemplis
520 3052 578 3126 uti,
596 3065 629 3116 et
643 3051 787 3131 aliarum,
805 3057 897 3140 plura
910 3055 1055 3138 proferre
1069 3049 1186 3136 possim
1200 3049 1391 3113 detrimenta
1409 3069 1460 3131 pn·

355 3155 450 3218 blicis
464 3157 558 3218 rebus
579 3175 671 3235 quarn
690 3154 871 3236 adjumenta
889 3175 948 3238 per
966 3153 1111 3217 homines
1123 3149 1393 3234 eloquentissimos
1406 3149 1462 3212 im·

356 3265 502 3338 portata:
525 3250 595 3326 sed,
619 3267 654 3314 ut
674 3251 796 3334 reliqua
818 3251 1073 3335 pretermittere,
1100 3249 1239 3314 omnium
1258 3247 1339 3312 mihi
1355 3250 1462 3312 videor

356 3352 513 3435 exceptis,
526 3351 656 3426 crasse,
673 3352 764 3417 vobis
782 3353 902 3416 duobus
921 3350 1191 3436 eloquentissimos
1206 3348 1329 3413 audisse
1344 3350 1414 3412 Tib.
1431 3359 1461 3412 et

357 3452 394 3516 C.
406 3451 619 3534 Sempronius,
633 3472 763 3531 quorum
770 3467 872 3532 pater,
884 3450 974 3511 homo
988 3451 1122 3530 prudens
1136 3465 1165 3508 et
1179 3453 1291 3528 gravis,
1306 3446 1463 3534 haudqua-

357 3571 450 3635 quam
464 3549 624 3634 eloquens,
649 3562 680 3610 et
700 3564 780 3629 saepe
804 3544 882 3610 alias
899 3560 933 3609 et
951 3543 1086 3609 maxime
1101 3564 1215 3608 censor
1241 3543 1334 3608 saluti
1357 3541 1460 3628 reipu-

357 3649 449 3712 blicoe
466 3645 536 3710 init.
560 3651 661 3728 atque
676 3645 704 3708 is
718 3667 782 3710 non
795 3651 943 3711 accurata
957 3649 1086 3728 quadam
1101 3641 1256 3709 orationis
1275 3643 1383 3727 copia,
1410 3648 1462 3708 sed

359 3751 440 3810 nude
455 3762 547 3828 atque
561 3747 658 3810 verbo
676 3744 843 3808 libertinos
862 3744 897 3808 in
914 3746 1055 3808 urbanas
1071 3745 1174 3807 tribus
1188 3746 1365 3822 transtulit3
1383 3747 1462 3828 quod

360 3843 423 3907 nisi
443 3846 587 3919 iecisset,
611 3841 853 3926 rempublicam,
878 3863 971 3928 qnam
984 3861 1068 3906 nunc
1081 3844 1136 3906 vix
1154 3855 1311 3920 tenemus,
1331 3843 1462 3926 jamdiu

363 3943 480 4004 nullam
494 3943 690 4005 haberemus.
708 3938 793 4028 [niv.
806 3943 901 4018 XLV,
917 3937 984 4029 ib]

403 4041 477 4104 Non
496 4043 673 4104 consentire
688 4059 792 4102 secum
811 4039 900 4102 aiunt
920 4041 1108 4105 Ciceronem
1121 4039 1156 4101 in
1174 4037 1294 4120 judicio
1314 4041 1355 4102 de
1372 4037 1463 4121 huius

362 4136 426 4200 riri
439 4137 627 4220 eloquentia.
642 4139 704 4203 Sed
721 4137 870 4218 eloquens
884 4138 918 4199 in
929 4137 1026 4201 Bruto
1040 4137 1104 4199 diei
1120 4149 1257 4218 poterut,
1272 4148 1467 4220 comparatus

364 4255 435 4298 eum
456 4237 559 4318 Appio
573 4247 605 4297 et
618 4235 782 4298 Menenio:
800 4232 826 4298 si
841 4248 945 4299 auteur
960 4245 1162 4318 componetur
1185 4255 1255 4297 euru
1277 4231 1364 4312 liliis,
1387 4235 1464 4297 uiris
