3288 5344
857 455 922 530 -24

349 617 429 666 mus.
441 595 525 689 Quin
541 589 839 662 etiam'inuidiosius
859 590 959 674 ipsum
980 586 1289 673 Scipionemloelius
1298 581 1455 668 adjuvisse
1546 657 1554 679 Ι

349 699 510 774 ferebatur
523 716 577 762 ore
595 692 772 769 homiuum,
789 691 858 764 Cio.
875 691 1015 779 Philipp.
1033 695 1084 766 11,
1106 692 1208 760 1t‚et
1226 690 1388 755 Plutarch.
1404 691 1455 759 Αιι

349 796 418 870 seui
432 795 475 864 sit
487 815 553 876 ger.
571 792 708 876 respubl.
725 791 818 874 921,
834 811 867 872 p.
886 792 964 867 l9‘l,
979 791 1024 866 Ds
1041 791 1208 870 Procopio.
1232 789 1293 874 pol.
1316 788 1336 869 S
1353 787 1405 860 ll,
1421 805 1454 871 p.

350 897 425 980 806,
442 898 482 972 A3
497 912 556 964 uec
571 904 677 957 tamon
692 890 724 954 id
736 887 885 956 amicitiae
898 909 1008 955 eorum
1022 885 1140 957 dicitur
1151 885 1301 954 ciiecisse.
1317 887 1385 950 lise
1397 883 1455 948 ni·

350 991 484 1066 nimum,
503 1004 538 1060 ut
552 985 616 1053 illis
638 983 848 1069 temporibus,
865 984 951 1051 [mlii
971 987 1085 1058 larsem
1103 982 1262 1065 auguralis
1284 981 1456 1066 discipline

350 1089 467 1176 peritia
490 1087 621 1170 adjuvit.
647 1091 728 1150 Nem
752 1098 809 1151 κατ’
835 1093 923 1169 ἐξοχὴν
946 1089 1040 1156 borurs
1058 1109 1159 1168 augur
1180 1089 1296 1154 dicitur
1318 1083 1454 1168 Philipp.

352 1196 400 1266 ll,
419 1194 472 1266 32,
489 1203 521 1264 et
537 1188 628 1262 reric
642 1190 710 1272 ojus
723 1190 762 1256 de
777 1183 916 1269 collegiis
933 1189 1034 1252 oratio
1053 1189 1212 1252 celebrato
1233 1186 1379 1250 laudibus
1398 1199 1454 1248 est.

352 1295 401 1364 De
414 1289 591 1372 eloquentia
601 1289 712 1354 horum
726 1285 870 1356 virorum
888 1287 1029 1368 quamuis
1046 1285 1136 1350 multi
1150 1301 1244 1350 testes
1257 1297 1399 1362 exstent,
1413 1297 1457 1347 to·

352 1412 426 1464 rnen
446 1410 547 1471 neque
560 1389 736 1456 accuratius
750 1389 789 1450 de
802 1387 947 1452 laudibus
961 1409 1084 1463 eorum,
1102 1409 1204 1470 neque
1218 1379 1370 1470 quromodc
1382 1383 1460 1452 civi·

352 1490 412 1555 hus
422 1486 487 1555 suis
498 1500 532 1550 et
544 1485 711 1567 equalibus
728 1483 950 1569 prostiterint,
968 1499 1188 1568 exposuerunt.
1203 1487 1328 1565 Exigue
1344 1487 1458 1548 utrius·

354 1610 426 1671 que,
441 1599 655 1669 quesissent,
672 1585 812 1666 reliquie
825 1587 861 1652 ed
874 1587 998 1670 plenem
1014 1601 1046 1647 et
1058 1586 1174 1667 justam
1188 1589 1226 1649 de
1252 1599 1386 1667 utroquo
1396 1584 1458 1649 exi·

352 1689 563 1760 stimaticnetn
578 1705 643 1755 non
656 1687 829 1751 sufficiunt.
842 1687 1041 1752 Gravitatem
1054 1685 1210 1770 Scipioni,
1227 1685 1389 1755 lenitatem
1398 1690 1458 1750 trs

353 1785 398 1859 lic
412 1786 523 1850 Cicero
542 1783 655 1850 tribuit
668 1788 715 1848 De
735 1797 814 1848 orat.
839 1787 906 1860 111,
925 1787 960 1861 7,
977 1785 1036 1860 28,
1058 1797 1091 1848 et
1113 1783 1270 1852 consentit
1291 1787 1460 1868 Appuleius

356 1884 488 1966 Apolog.
511 1903 543 1965 p.
568 1884 625 1946 551
652 1885 702 1946 ed.
726 1883 868 1954 Elmenh.
887 1878 938 1968 (p.
963 1885 1002 1946 99
1021 1885 1072 1944 ed.
1095 1880 1203 1967 Bip.).
1221 1886 1248 1943 Α
1263 1882 1460 1965 Quintiliano

355 1982 433 2056 ΧΠ,
453 1980 507 2056 10,
527 1981 583 2056 10,
597 1982 648 2046 cui
662 1981 811 2067 congruit
821 1993 932 2070 ouctcr
945 1982 1028 2042 Diui.
1042 1983 1081 2042 de
1096 1978 1275 2046 oratoribus
1293 2003 1322 2044 c.
1342 1983 1399 2059 25,
1415 1979 1462 2069 in-

356 2093 406 2147 ter
419 2081 561 2148 horridos
578 2095 750 2158 totostoto,
768 2085 822 2144 sed
836 2101 981 2160 magnum
991 2075 1110 2159 ingenii
1124 2083 1187 2143 vim
1203 2099 1267 2162 prae
1282 2101 1315 2143 se
1328 2081 1462 2144 ferentes

357 2191 572 2254 recensentem
590 2177 769 2260 prestitisse
780 2180 866 2242 inter
878 2179 1011 2259 sequolos
1023 2179 1178 2254 omnium,
1192 2193 1227 2240 ut
1240 2179 1403 2242 Ciceronis
1414 2181 1462 2242 De

358 2288 440 2342 orat.
454 2277 485 2349 l,
500 2277 557 2349 13,
581 2277 640 2349 58,
654 2273 768 2344 Velleii
786 2277 816 2350 1,
839 2277 896 2347 17,
920 2295 1088 2340 cousensus
1105 2277 1257 2337 declarat.
1284 2277 1402 2340 lntiuoe
1418 2277 1462 2338 di·

358 2371 475 2446 otiosis
485 2375 520 2446 in
534 2387 666 2456 utroque
680 2377 803 2439 leudem
814 2375 875 2436 elio
884 2376 954 2438 loco
969 2374 1125 2456 persecuti
1137 2395 1253 2438 sumus.

402 2474 569 2544 Actionem
580 2477 740 2556 utriusque
749 2477 841 2558 paulo
856 2475 1076 2550 intentiorem,
1089 2477 1143 2538 sed
1158 2497 1222 2540 non
1232 2478 1301 2540 sins
1310 2477 1464 2540 intermis-

358 2572 446 2646 sione
466 2571 581 2644 virium
599 2575 831 2648 vehementem,
849 2585 884 2636 ut
900 2571 1027 2648 onus,
1040 2573 1155 2638 Cicero
1170 2575 1308 2657 prodidit
1323 2576 1369 2636 De
1382 2589 1462 2638 crat.

360 2673 462 2749 1259.
479 2674 521 2739 At
535 2671 771 2741 irruiturum
785 2672 809 2736 l.
832 2692 861 2736 o.
879 2669 1004 2744 dicendi
1021 2670 1056 2734 in
1069 2671 1163 2742 lelio
1180 2671 1382 2740 illustriorem
1399 2675 1462 2754 glo.

359 2773 441 2844 tiam
453 2773 606 2842 oenones
616 2773 825 2857 pronunciet,
842 2791 1019 2854 quanquam
1036 2773 1231 2836 horridiores
1244 2773 1322 2856 ejus,
1338 2795 1405 2856 quse
1424 2795 1466 2838 es·

357 2888 430 2945 scut
450 2876 570 2950 adime,
589 2877 748 2948 crationes
759 2876 859 2956 magis
880 2875 1098 2957 entiquitutem
1119 2877 1262 2938 redolere
1279 2875 1468 2940 videbuntur

358 2991 453 3053 quam
464 2972 631 3055 Scipionis.

405 3068 456 3133 18.
480 3070 586 3148 Neque
597 3080 712 3141 temen
721 3065 847 3128 illorum
857 3066 1053 3145 frequentem
1068 3065 1259 3130 mentionem
1274 3068 1463 3148 reporimus3

359 3185 411 3235 nes
423 3166 495 3244 quis
510 3165 713 3230 obsoletiorcs
728 3164 868 3234 fuerunt,
885 3164 936 3224 rel
952 3164 1033 3244 quod
1051 3164 1195 3229 clarioris
1206 3161 1269 3226 riri
1284 3166 1365 3227 inme
1384 3187 1465 3229 emo·

360 3275 444 3332 ictus
456 3264 724 3346 descriptionesque
735 3259 834 3342 magis
850 3263 884 3323 iu
899 3263 958 3325 hoo
972 3260 1084 3324 tenuit.
1097 3263 1276 3326 permansit
1287 3277 1392 3328 tomen
1403 3287 1466 3328 me·

360 3360 462 3428 morie
472 3359 548 3424 sutis
563 3359 633 3438 diu5
656 3358 771 3444 quippe
789 3363 871 3444 opud
885 3363 1010 3424 Festum
1024 3361 1195 3445 reperitur,
1210 3367 1264 3426 sed
1282 3386 1320 3426 ex
1340 3367 1465 3442 Verrio,

362 3461 541 3535 utridetur,
557 3456 718 3522 Macrobio
735 3461 763 3540 Ι,
780 3458 811 3532 6,
835 3481 868 3542 p.
881 3460 943 3522 222
955 3462 1005 3522 ed.
1029 3460 1096 3542 Bip.
1111 3460 1319 3540 fragmentum
1330 3463 1420 3526 husu
1430 3465 1467 3525 de

362 3559 505 3642 armiati
521 3559 695 3642 discipline,
710 3561 927 3642 depromptum
945 3560 1012 3622 sine
1030 3556 1126 3622 dubio
1140 3581 1179 3623 ex
1192 3563 1335 3626 oret-ione
1351 3565 1390 3624 de
1407 3563 1466 3626 ool·

363 3662 493 3743 butio...
583 3721 586 3728 .
786 3706 788 3710 -
1171 3665 1174 3674 '
1299 3661 1304 3670 “

403 3757 548 3830 Africani
555 3750 734 3827 orationum
744 3754 847 3832 ,longe
858 3753 1053 3835 irequeutior
1062 3756 1222 3828 memoris.
1238 3751 1293 3844 [V.
1307 3757 1348 3819 in.
1360 3777 1392 3841 p.
1408 3757 1462 3826 tot

363 3851 478 3946 sqq]·„
500 3857 592 3938 Apud
610 3855 800 3924 Frontonem
825 3874 896 3919 oum
918 3855 1022 3936 eliqua
1046 3851 1201 3936 Scipionis
1222 3859 1341 3920 mentio
1359 3855 1403 3920 sit
1421 3853 1465 3940 (r.

363 3957 441 4036 lipp.
463 3955 502 4022 sd
516 3955 558 4016 Μ,
576 3954 651 4020 Caes.
670 3952 701 4025 l,
724 3953 755 4028 6,
775 3972 806 4032 p.
820 3953 858 4016 15
880 3953 929 4013 ed.
946 3953 1228 4038 Rom.),quo1uuis
1243 3975 1282 4016 ex
1297 3975 1334 4016 eo
1352 3955 1468 4019 dissme

363 4053 515 4125 sileretur
532 4049 623 4124 nihil,
640 4064 746 4116 tamen
761 4069 825 4114 non
840 4050 1010 4115 exolevisse
1028 4071 1066 4113 es
1091 4065 1182 4124 etsie
1198 4054 1266 4134 ejus
1286 4055 1469 4125 memorium

364 4150 532 4232 intelligas·
550 4141 734 4236 [Adtonitus
744 4149 831 4220 locus
841 4148 933 4226 alter,
946 4149 1022 4220 ibid.
1040 4151 1084 4223 ll,
1099 4150 1152 4228 tt,
1167 4171 1201 4234 p.
1216 4155 1274 4224 58,
1299 4152 1354 4214 ubi
1364 4151 1469 4216 Gaui

364 4249 431 4332 ipss
446 4270 455 4309 ι
470 4275 485 4312 o
498 4247 689 4318 rectiones
709 4244 795 4318 nihi,
811 4245 924 4327 iuquit,
946 4267 1003 4329 per
1023 4248 1080 4310 hoe
1093 4247 1160 4309 dies
1170 4261 1302 4330 exerpte
1320 4269 1360 4311 ox
1378 4247 1470 4314 libris
