3218 5320
692 423 760 495 319

218 555 318 633 ld.,lr
334 557 384 629 10,
398 560 457 622 79.
473 559 603 622 Domitii
618 559 688 622 atri
707 563 863 656 sententia
878 573 925 624 eet
945 561 1092 643 pulchra:
1107 561 1173 642 Ego
1192 585 1280 623 accce-

178 657 285 722 soei,
263 674 323 714 vos
334 655 518 716 damnastis.
515 655 525 696 t

220 751 267 812 Id.
285 753 343 826 vl,
369 754 406 824 3,
430 753 489 815 84.
513 753 592 816 Illud
613 752 700 816 Afri.
718 753 851 816 Homo
839 777 871 812 m
893 755 1021 834 agendas
1041 760 1143 816 carnis
1166 761 1283 834 optime

178 853 318 908 vestitus.

211 1032 329 1096 ναεέιιιι]
337 1027 421 1101 figura
431 1045 489 1098 quse
497 1028 596 1082 dicitur
603 1029 673 1100 παρὰ
682 1027 839 1101 προσδοκίαν.
854 1031 1031 1104 Eupeotubat
1041 1031 1147 1084 auditor
1155 1044 1283 1086 wicun.

221 1195 268 1256 Id.
280 1195 380 1267 VIII,
399 1197 440 1270 5,
451 1193 488 1256 3:
513 1193 566 1256 Est
587 1191 655 1256 Afri
668 1191 818 1256 Domitii:
836 1195 997 1274 Princeps,
1019 1200 1073 1280 qui
1094 1195 1160 1254 vute
1179 1199 1285 1254 omnio

177 1298 269 1366 scire,
282 1313 406 1356 necesse
419 1293 509 1355 dubet
523 1293 617 1354 multo
632 1299 802 1376 ignoscere.

220 1395 267 1454 ld.
291 1393 353 1468 IX,
378 1395 487 1472 3,·78=
510 1397 650 1458 Tertium
673 1409 735 1472 est,
759 1397 842 1476 quod
863 1397 897 1456 in
920 1395 1045 1458 eosdem
1065 1413 1154 1457 casus
1175 1391 1282 1468 oadit3

179 1513 339 1582 ὁμοιόπτωτον
360 1495 488 1558 dicitur.
515 1497 579 1561 Sed
600 1516 716 1578 neque,
740 1499 821 1578 quod
842 1495 936 1558 finem
957 1495 1052 1558 habet
1071 1495 1215 1568 similem,
1239 1506 1286 1558 est

179 1607 339 1676 ὁμοιόπτωτον
363 1605 396 1654 ei
417 1593 524 1674 utique
539 1593 572 1654 In
596 1593 738 1654 eumdem
760 1591 849 1654 venit
872 1591 968 1653 finem
991 1604 1186 1674 iperet-litores:
1212 1589 1286 1672 qllIa

178 1704 340 1774 ὁμοιόπτωτον
360 1701 407 1752 eet
428 1702 553 1752 tantum
572 1709 645 1752 casu
663 1690 781 1764 simile,
804 1689 926 1752 etiamsi
940 1687 1101 1752 dissImilia
1115 1689 1196 1764 sint,
1219 1707 1287 1770 quae

167 1791 390 1866 -declinentur,
402 1810 461 1854 neo
472 1803 594 1853 tautum
605 1792 639 1853 in
650 1790 713 1853 fine
723 1791 977 1872 deprehenditur,
992 1793 1046 1852 sed
1056 1791 1223 1872 respondet
1234 1791 1286 1853 vel

180 1885 290 1972 primis
305 1889 390 1950 inter
405 1909 437 1951 se
447 1888 498 1951 vel
512 1888 621 1950 mediis
631 1889 682 1951 vel
695 1887 844 1951 extremis
854 1889 905 1951 vel
920 1885 1014 1950 etiam
1026 1887 1283 1970 permutatis'his,

180 1997 215 2046 nt
228 1985 331 2047 media
345 1981 456 2068 primis
470 1999 501 2047 et
514 2005 632 2049 summa
646 1985 756 2049 mediis
770 1987 1044 2050 accommodentur
1057 1998 1089 2048 et
1101 2004 1285 2066 quocunque

180 2087 272 2150 modo
286 2087 515 2149 accommodari
529 2099 641 2171 potestt
659 2087 764 2171 Neque
778 2087 862 2150 euim
876 2108 999 2170 semper
1013 2085 1143 2172 paribus
1157 2085 1298 2170 syllabis'

181 2195 315 2260 constat,
329 2197 364 2246 ut
380 2197 426 2246 est
440 2185 522 2268 apud
533 2187 666 2248 Afrum.
659 2208 666 2223 ·
682 2187 810 2247 Amisso
825 2205 922 2263 nuper
935 2185 1067 2265 infilicis
1081 2183 1173 2260 dulae,
1189 2187 1217 2242 si
1226 2203 1287 2243 non

179 2281 333 2358 praesidio
352 2285 432 2341 inter
447 2283 599 2361 pericula,
620 2297 723 2342 tamen
743 2283 884 2343 solatio
871 2297 950 2341 inter
962 2283 1103 2343 adversa.
1128 2279 1201 2362 Ejus
1221 2280 1287 2343 Iere

183 2376 333 2440 videntur
346 2379 471 2461 optima,
486 2383 520 2442 in
535 2379 673 2462 quibus
663 2379 755 2442 mitia
772 2375 1000 2488 sententiarum
1014 2389 1046 2440 et
1060 2375 1138 2440 fines
1153 2397 1286 2442 consen·

181 2477 276 2554 tium,
289 2491 324 2541 ut
337 2475 391 2542 hic
401 2479 562 2560 proesidn,
574 2479 694 2540 solatio

219 2665 299 2713 eroice
286 2657 473 2726 o]Ioousor
402 2671 579 2729 suersoruptu.

225 2824 522 2890 Praetereundum
543 2825 727 2896 Pulchram,
753 2826 871 2906 desque
886 2843 998 2908 supra,
1022 2820 1181 2887 accusavit
1191 2821 1287 2886 etiam

184 2929 301 2989 Varum
312 2922 510 3006 Quintilium,
523 2922 659 2996 Cleudiae
670 2922 812 2986 Pulchrae
827 2921 938 3000 filium,
954 2920 1039 2982 utin
1049 2917 1150 2984 Taciti
1169 2922 1285 2984 dunel.

184 3027 240 3103 lV,
252 3029 305 3100 66,
318 3023 457 3103 legimus.

226 3122 432 3196 charisimi,
452 3143 485 3206 p.
501 3122 579 3186 118·
596 3124 769 3186 Toroular
766 3123 852 3204 Aſso
870 3143 928 3201 pro
950 3121 1096 3182 Petrinis
1116 3119 1211 3195 dixit,
1234 3122 1288 3182 sed

184 3223 337 3286 torculare
354 3217 418 3284 diei
436 3221 541 3284 dohet.

222 3404 301 3474 Aser]
315 3401 415 3468 nescio,
425 3421 460 3455 an
472 3413 542 3454 reete
554 3419 616 3454 enm
629 3400 717 3454 locam
729 3401 782 3454 huc
795 3401 927 3452 auxerim.

479 3606 620 3702 [XCV¹.
649 3603 789 3678 Acilius
811 3605 999 3679 Lucanus.

228 3837 413 3919 Anonymus
425 3830 561 3914 scriptor
572 3829 651 3894 Viue
665 3829 800 3892 Lucani:
814 3851 829 3882 α
844 3822 1139 3890 Matrem-habuit...
1156 3823 1288 3886 Aciliam

187 3939 325 4016 nomine,
338 3937 438 3998 Acilii
451 3933 568 3994 Lucani
579 3931 691 4008 filiam,
713 3931 848 3994 oratoris
867 3949 970 4012 operae
988 3931 1079 4011 apud.
1089 3926 1290 4011 proconsules

189 4035 369 4124 (Hispaniae)
382 4031 553 4118 frequentis
573 4045 606 4096 et
624 4034 711 4115 apud·
724 4029 909 4094 clarissimos
923 4031 1008 4093 viros
1027 4047 1091 4090 non
1113 4027 1226 4090 nullius
1240 4023 1289 4100 in

187 4131 291 4215 genii3
315 4136 391 4196 adeo
406 4155 468 4197 non
483 4131 714 4216 improbandus,
735 4141 770 4192 ut
789 4134 819 4188 in
834 4133 960 4207 scrt'ptis
973 4126 1132 4211 aliquibus*
1143 4123 1291 4208 hodieque

187 4231 273 4292 duret
282 4229 353 4315 ejus
368 4236 534 4292 memorio.
551 4223 709 4316 nEgger]
